time	price	quantity	board	source	buyer	seller	initiator
20141013T153000	451.25	100		Auto trade			
20141013T153000	451.2	392		Auto trade			
20141013T153000	451.21	100		Auto trade			
20141013T153000	451.11	100		Auto trade			
20141013T153000	451.12	100		Auto trade			
20141013T153000	450.74	100		Auto trade			
20141013T153000	450.92	100		Auto trade			
20141013T153000	450.27	100		Auto trade			
20141013T153000	450.81	100		Auto trade			
20141013T153000	451.04	6234		Auto trade			
20141013T153000	451.	100		Auto trade			
20141013T153001	451.02	100		Auto trade			
20141013T153001	450.8	100		Auto trade			
20141013T153001	451.04	100		Auto trade			
20141013T153001	451.08	100		Auto trade			
20141013T153001	451.02	100		Auto trade			
20141013T153002	451.44	100		Auto trade			
20141013T153002	451.38	300		Auto trade			
20141013T153002	451.72	100		Auto trade			
20141013T153002	451.71	100		Auto trade			
20141013T153002	451.72	100		Auto trade			
20141013T153003	451.86	100		Auto trade			
20141013T153003	451.27	100		Auto trade			
20141013T153003	451.21	100		Auto trade			
20141013T153004	451.15	100		Auto trade			
20141013T153016	451.13	100		Auto trade			
20141013T153019	451.36	100		Auto trade			
20141013T153020	451.29	100		Auto trade			
20141013T153020	451.33	100		Auto trade			
20141013T153030	451.57	100		Auto trade			
20141013T153030	451.61	100		Auto trade			
20141013T153035	451.92	100		Auto trade			
20141013T153040	451.88	100		Auto trade			
20141013T153046	451.28	100		Auto trade			
20141013T153055	451.9531	100		Auto trade			
20141013T153111	451.58	100		Auto trade			
20141013T153115	451.61	100		Auto trade			
20141013T153118	451.61	316		Auto trade			
20141013T153121	451.43	100		Auto trade			
20141013T153121	451.44	100		Auto trade			
20141013T153121	451.4	100		Auto trade			
20141013T153121	451.34	100		Auto trade			
20141013T153121	451.44	200		Auto trade			
20141013T153121	451.43	100		Auto trade			
20141013T153121	451.44	100		Auto trade			
20141013T153121	451.27	100		Auto trade			
20141013T153121	451.44	100		Auto trade			
20141013T153124	451.28	400		Auto trade			
20141013T153124	451.44	100		Auto trade			
20141013T153124	451.61	400		Auto trade			
20141013T153124	451.27	100		Auto trade			
20141013T153125	451.304	100		Auto trade			
20141013T153125	451.44	100		Auto trade			
20141013T153125	451.27	100		Auto trade			
20141013T153126	451.2875	100		Auto trade			
20141013T153126	451.44	100		Auto trade			
20141013T153126	451.28	100		Auto trade			
20141013T153126	451.27	100		Auto trade			
20141013T153126	451.295	100		Auto trade			
20141013T153127	451.27	100		Auto trade			
20141013T153127	451.4363	1000		Auto trade			
20141013T153127	451.32	350		Auto trade			
20141013T153128	451.27	150		Auto trade			
20141013T153130	451.25	990		Auto trade			
20141013T153130	451.43	400		Auto trade			
20141013T153130	451.36	300		Auto trade			
20141013T153130	451.11	100		Auto trade			
20141013T153130	451.02	100		Auto trade			
20141013T153130	451.15	200		Auto trade			
20141013T153132	451.11	100		Auto trade			
20141013T153132	451.01	196		Auto trade			
20141013T153133	451.24	100		Auto trade			
20141013T153133	451.185	100		Auto trade			
20141013T153133	450.885	100		Auto trade			
20141013T153133	451.185	100		Auto trade			
20141013T153134	451.25	100		Auto trade			
20141013T153134	451.185	100		Auto trade			
20141013T153136	451.05	100		Auto trade			
20141013T153136	451.135	100		Auto trade			
20141013T153137	450.82	100		Auto trade			
20141013T153138	451.135	100		Auto trade			
20141013T153141	450.73	100		Auto trade			
20141013T153141	451.1	100		Auto trade			
20141013T153147	450.73	230		Auto trade			
20141013T153147	450.84	100		Auto trade			
20141013T153149	450.74	100		Auto trade			
20141013T153149	450.73	100		Auto trade			
20141013T153150	451.1	100		Auto trade			
20141013T153150	450.75	100		Auto trade			
20141013T153156	450.76	100		Auto trade			
20141013T153202	450.76	100		Auto trade			
20141013T153205	451.015	100		Auto trade			
20141013T153205	451.19	100		Auto trade			
20141013T153205	451.26	100		Auto trade			
20141013T153205	451.015	100		Auto trade			
20141013T153205	451.27	100		Auto trade			
20141013T153205	451.24	100		Auto trade			
20141013T153205	451.27	100		Auto trade			
20141013T153206	451.02	100		Auto trade			
20141013T153206	450.8799	100		Auto trade			
20141013T153206	450.7975	100		Auto trade			
20141013T153207	451.015	200		Auto trade			
20141013T153213	450.76	100		Auto trade			
20141013T153217	450.76	100		Auto trade			
20141013T153219	451.26	100		Auto trade			
20141013T153223	450.91	100		Auto trade			
20141013T153224	451.	100		Auto trade			
20141013T153225	451.	600		Auto trade			
20141013T153227	451.005	100		Auto trade			
20141013T153227	451.26	100		Auto trade			
20141013T153227	451.27	100		Auto trade			
20141013T153227	451.005	100		Auto trade			
20141013T153227	451.25	160		Auto trade			
20141013T153227	451.27	100		Auto trade			
20141013T153227	451.005	200		Auto trade			
20141013T153227	451.0275	200		Auto trade			
20141013T153227	451.24	100		Auto trade			
20141013T153227	451.005	100		Auto trade			
20141013T153227	450.907	800		Auto trade			
20141013T153227	451.01	100		Auto trade			
20141013T153227	451.24	100		Auto trade			
20141013T153227	451.02	100		Auto trade			
20141013T153227	451.015	200		Auto trade			
20141013T153227	451.24	100		Auto trade			
20141013T153227	451.005	100		Auto trade			
20141013T153227	451.05	200		Auto trade			
20141013T153227	451.005	100		Auto trade			
20141013T153227	451.103	200		Auto trade			
20141013T153227	451.01	100		Auto trade			
20141013T153227	451.	100		Auto trade			
20141013T153228	451.	200		Auto trade			
20141013T153229	451.	100		Auto trade			
20141013T153229	451.02	100		Auto trade			
20141013T153229	451.	100		Auto trade			
20141013T153230	451.005	200		Auto trade			
20141013T153231	451.	200		Auto trade			
20141013T153231	451.18	100		Auto trade			
20141013T153231	451.19	200		Auto trade			
20141013T153231	451.22	200		Auto trade			
20141013T153231	451.19	100		Auto trade			
20141013T153231	451.	200		Auto trade			
20141013T153231	451.27	200		Auto trade			
20141013T153231	451.16	118		Auto trade			
20141013T153231	451.	100		Auto trade			
20141013T153232	451.	200		Auto trade			
20141013T153232	450.98	100		Auto trade			
20141013T153232	451.	100		Auto trade			
20141013T153235	451.	100		Auto trade			
20141013T153235	450.88	100		Auto trade			
20141013T153235	451.0195	100		Auto trade			
20141013T153235	451.	100		Auto trade			
20141013T153236	451.2199	100		Auto trade			
20141013T153236	450.77	468		Auto trade			
20141013T153237	451.	200		Auto trade			
20141013T153238	451.22	200		Auto trade			
20141013T153238	451.	100		Auto trade			
20141013T153239	451.	200		Auto trade			
20141013T153241	451.	100		Auto trade			
20141013T153242	450.85	100		Auto trade			
20141013T153244	450.84	100		Auto trade			
20141013T153249	451.035	100		Auto trade			
20141013T153249	451.1275	100		Auto trade			
20141013T153249	451.185	200		Auto trade			
20141013T153249	450.9105	500		Auto trade			
20141013T153252	451.2199	100		Auto trade			
20141013T153252	451.04	100		Auto trade			
20141013T153254	451.22	100		Auto trade			
20141013T153254	451.04	100		Auto trade			
20141013T153256	451.05	100		Auto trade			
20141013T153256	451.175	100		Auto trade			
20141013T153256	451.05	100		Auto trade			
20141013T153256	451.18	200		Auto trade			
20141013T153256	451.175	100		Auto trade			
20141013T153256	451.19	100		Auto trade			
20141013T153256	451.05	100		Auto trade			
20141013T153257	450.96	100		Auto trade			
20141013T153257	450.91	400		Auto trade			
20141013T153258	451.065	100		Auto trade			
20141013T153259	451.05	100		Auto trade			
20141013T153300	451.16	280		Auto trade			
20141013T153300	451.065	100		Auto trade			
20141013T153301	451.065	100		Auto trade			
20141013T153301	451.08	200		Auto trade			
20141013T153301	451.065	100		Auto trade			
20141013T153302	450.92	100		Auto trade			
20141013T153303	451.19	500		Auto trade			
20141013T153304	451.065	100		Auto trade			
20141013T153306	451.07	100		Auto trade			
20141013T153306	451.08	200		Auto trade			
20141013T153306	451.07	100		Auto trade			
20141013T153307	451.155	100		Auto trade			
20141013T153307	451.21	100		Auto trade			
20141013T153307	451.2	100		Auto trade			
20141013T153307	451.21	100		Auto trade			
20141013T153307	451.17	200		Auto trade			
20141013T153307	451.155	100		Auto trade			
20141013T153307	451.21	100		Auto trade			
20141013T153307	451.22	100		Auto trade			
20141013T153307	451.26	100		Auto trade			
20141013T153308	451.26	100		Auto trade			
20141013T153308	451.27	100		Auto trade			
20141013T153308	451.32	100		Auto trade			
20141013T153308	451.3	100		Auto trade			
20141013T153308	451.32	100		Auto trade			
20141013T153308	451.3	100		Auto trade			
20141013T153310	451.37	100		Auto trade			
20141013T153310	451.52	100		Auto trade			
20141013T153310	451.36	100		Auto trade			
20141013T153310	451.44	100		Auto trade			
20141013T153310	451.52	100		Auto trade			
20141013T153311	451.41	100		Auto trade			
20141013T153312	451.52	100		Auto trade			
20141013T153312	451.57	100		Auto trade			
20141013T153313	451.3611	1000		Auto trade			
20141013T153313	451.57	100		Auto trade			
20141013T153314	451.61	226		Auto trade			
20141013T153315	451.62	100		Auto trade			
20141013T153315	451.66	100		Auto trade			
20141013T153315	451.62	100		Auto trade			
20141013T153316	451.9	100		Auto trade			
20141013T153320	451.96	100		Auto trade			
20141013T153320	451.97	100		Auto trade			
20141013T153320	452.01	100		Auto trade			
20141013T153320	452.03	100		Auto trade			
20141013T153320	452.38	100		Auto trade			
20141013T153320	451.66	100		Auto trade			
20141013T153320	452.025	160		Auto trade			
20141013T153325	452.33	100		Auto trade			
20141013T153325	452.11	100		Auto trade			
20141013T153327	452.11	900		Auto trade			
20141013T153330	452.42	100		Auto trade			
20141013T153330	452.43	100		Auto trade			
20141013T153330	452.46	100		Auto trade			
20141013T153330	452.435	100		Auto trade			
20141013T153330	452.115	100		Auto trade			
20141013T153330	452.13	100		Auto trade			
20141013T153330	452.411	3000		Auto trade			
20141013T153335	452.29	100		Auto trade			
20141013T153335	452.42	100		Auto trade			
20141013T153335	452.15	100		Auto trade			
20141013T153335	452.14	100		Auto trade			
20141013T153336	452.14	100		Auto trade			
20141013T153336	452.13	100		Auto trade			
20141013T153336	452.09	100		Auto trade			
20141013T153336	451.96	100		Auto trade			
20141013T153336	452.	100		Auto trade			
20141013T153336	451.95	100		Auto trade			
20141013T153342	451.83	100		Auto trade			
20141013T153342	452.155	100		Auto trade			
20141013T153342	452.17	100		Auto trade			
20141013T153342	452.43	100		Auto trade			
20141013T153344	452.24	100		Auto trade			
20141013T153344	452.435	100		Auto trade			
20141013T153344	452.24	100		Auto trade			
20141013T153344	452.44	100		Auto trade			
20141013T153348	452.01	100		Auto trade			
20141013T153349	452.47	100		Auto trade			
20141013T153350	452.13	100		Auto trade			
20141013T153352	452.3897	250		Auto trade			
20141013T153355	452.02	100		Auto trade			
20141013T153355	452.31	100		Auto trade			
20141013T153357	452.25	160		Auto trade			
20141013T153357	452.19	100		Auto trade			
20141013T153358	452.4701	175		Auto trade			
20141013T153358	452.465	116		Auto trade			
20141013T153358	452.02	100		Auto trade			
20141013T153401	452.08	200		Auto trade			
20141013T153401	452.0401	200		Auto trade			
20141013T153403	452.04	100		Auto trade			
20141013T153406	452.06	100		Auto trade			
20141013T153407	452.102	500		Auto trade			
20141013T153413	452.06	100		Auto trade			
20141013T153413	452.05	100		Auto trade			
20141013T153413	452.07	100		Auto trade			
20141013T153413	452.	100		Auto trade			
20141013T153413	452.06	100		Auto trade			
20141013T153413	452.	100		Auto trade			
20141013T153413	451.99	100		Auto trade			
20141013T153414	451.83	200		Auto trade			
20141013T153418	451.81	100		Auto trade			
20141013T153419	451.535	100		Auto trade			
20141013T153419	451.53	100		Auto trade			
20141013T153419	451.56	100		Auto trade			
20141013T153419	451.525	100		Auto trade			
20141013T153419	451.54	100		Auto trade			
20141013T153419	451.48	100		Auto trade			
20141013T153419	451.45	100		Auto trade			
20141013T153419	451.525	100		Auto trade			
20141013T153419	451.56	100		Auto trade			
20141013T153423	451.525	100		Auto trade			
20141013T153424	451.54	100		Auto trade			
20141013T153425	451.54	300		Auto trade			
20141013T153425	451.297	250		Auto trade			
20141013T153426	451.31	100		Auto trade			
20141013T153428	451.32	100		Auto trade			
20141013T153428	451.79	100		Auto trade			
20141013T153428	451.7	100		Auto trade			
20141013T153435	451.32	200		Auto trade			
20141013T153441	451.33	100		Auto trade			
20141013T153441	451.8	100		Auto trade			
20141013T153443	451.6	100		Auto trade			
20141013T153447	451.33	100		Auto trade			
20141013T153449	451.8	100		Auto trade			
20141013T153451	451.4208	155		Auto trade			
20141013T153457	451.37	400		Auto trade			
20141013T153457	451.43	100		Auto trade			
20141013T153459	451.75	100		Auto trade			
20141013T153459	451.79	100		Auto trade			
20141013T153507	451.804	300		Auto trade			
20141013T153507	451.57	100		Auto trade			
20141013T153507	451.584	100		Auto trade			
20141013T153508	451.5705	100		Auto trade			
20141013T153508	451.81	100		Auto trade			
20141013T153508	451.804	100		Auto trade			
20141013T153510	451.81	200		Auto trade			
20141013T153510	451.9	100		Auto trade			
20141013T153510	451.86	250		Auto trade			
20141013T153510	452.	200		Auto trade			
20141013T153510	452.05	100		Auto trade			
20141013T153510	452.21	100		Auto trade			
20141013T153512	451.91	150		Auto trade			
20141013T153517	452.07	100		Auto trade			
20141013T153517	452.1	100		Auto trade			
20141013T153517	451.91	100		Auto trade			
20141013T153520	451.58	100		Auto trade			
20141013T153520	452.07	100		Auto trade			
20141013T153520	451.58	200		Auto trade			
20141013T153524	451.74	100		Auto trade			
20141013T153524	451.73	100		Auto trade			
20141013T153524	451.7	100		Auto trade			
20141013T153524	451.76	100		Auto trade			
20141013T153524	451.74	100		Auto trade			
20141013T153524	451.76	100		Auto trade			
20141013T153524	451.59	100		Auto trade			
20141013T153524	451.749	100		Auto trade			
20141013T153525	451.645	137		Auto trade			
20141013T153525	451.59	200		Auto trade			
20141013T153528	451.87	100		Auto trade			
20141013T153529	451.974	200		Auto trade			
20141013T153531	451.6001	100		Auto trade			
20141013T153540	451.99	100		Auto trade			
20141013T153540	451.97	100		Auto trade			
20141013T153540	452.16	100		Auto trade			
20141013T153540	452.	100		Auto trade			
20141013T153541	452.	200		Auto trade			
20141013T153541	452.19	100		Auto trade			
20141013T153541	452.	100		Auto trade			
20141013T153541	452.23	100		Auto trade			
20141013T153541	452.	100		Auto trade			
20141013T153541	452.28	100		Auto trade			
20141013T153542	451.98	100		Auto trade			
20141013T153542	451.99	100		Auto trade			
20141013T153542	451.67	200		Auto trade			
20141013T153545	452.065	100		Auto trade			
20141013T153549	452.07	100		Auto trade			
20141013T153549	452.27	100		Auto trade			
20141013T153550	452.07	100		Auto trade			
20141013T153551	451.86	100		Auto trade			
20141013T153551	451.78	100		Auto trade			
20141013T153552	451.69	100		Auto trade			
20141013T153552	451.66	100		Auto trade			
20141013T153552	451.65	800		Auto trade			
20141013T153552	451.69	100		Auto trade			
20141013T153552	451.6	240		Auto trade			
20141013T153552	451.61	100		Auto trade			
20141013T153552	451.6	100		Auto trade			
20141013T153552	451.59	100		Auto trade			
20141013T153552	451.56	100		Auto trade			
20141013T153552	451.6	200		Auto trade			
20141013T153552	451.55	100		Auto trade			
20141013T153552	451.51	100		Auto trade			
20141013T153552	451.5	250		Auto trade			
20141013T153552	451.65	400		Auto trade			
20141013T153555	451.342	1000		Auto trade			
20141013T153555	451.21	100		Auto trade			
20141013T153600	451.56	100		Auto trade			
20141013T153606	451.05	100		Auto trade			
20141013T153607	451.05	100		Auto trade			
20141013T153608	451.05	500		Auto trade			
20141013T153608	450.99	200		Auto trade			
20141013T153608	451.	100		Auto trade			
20141013T153609	450.99	100		Auto trade			
20141013T153609	451.	200		Auto trade			
20141013T153610	450.78	100		Auto trade			
20141013T153610	450.77	100		Auto trade			
20141013T153610	450.76	100		Auto trade			
20141013T153611	450.76	100		Auto trade			
20141013T153611	450.72	100		Auto trade			
20141013T153611	450.75	100		Auto trade			
20141013T153611	450.63	100		Auto trade			
20141013T153611	450.51	100		Auto trade			
20141013T153616	450.53	100		Auto trade			
20141013T153616	450.52	100		Auto trade			
20141013T153616	450.72	100		Auto trade			
20141013T153616	450.74	100		Auto trade			
20141013T153616	450.71	100		Auto trade			
20141013T153617	450.64	100		Auto trade			
20141013T153618	450.33	100		Auto trade			
20141013T153618	450.31	100		Auto trade			
20141013T153618	450.3	100		Auto trade			
20141013T153619	450.3	488		Auto trade			
20141013T153623	450.15	100		Auto trade			
20141013T153623	450.151	100		Auto trade			
20141013T153623	450.152	106		Auto trade			
20141013T153625	450.18	100		Auto trade			
20141013T153629	450.15	100		Auto trade			
20141013T153629	450.52	100		Auto trade			
20141013T153629	450.75	100		Auto trade			
20141013T153629	450.74	100		Auto trade			
20141013T153629	450.75	100		Auto trade			
20141013T153629	450.74	100		Auto trade			
20141013T153629	450.75	700		Auto trade			
20141013T153629	450.97	168		Auto trade			
20141013T153629	451.05	100		Auto trade			
20141013T153629	450.96	100		Auto trade			
20141013T153629	451.2	100		Auto trade			
20141013T153629	450.15	200		Auto trade			
20141013T153635	450.45	100		Auto trade			
20141013T153635	450.4279	100		Auto trade			
20141013T153638	451.21	100		Auto trade			
20141013T153646	451.26	146		Auto trade			
20141013T153646	451.47	100		Auto trade			
20141013T153646	451.56	100		Auto trade			
20141013T153647	451.36	100		Auto trade			
20141013T153647	451.18	100		Auto trade			
20141013T153647	451.04	100		Auto trade			
20141013T153647	451.02	100		Auto trade			
20141013T153647	450.92	100		Auto trade			
20141013T153703	451.1	100		Auto trade			
20141013T153704	450.841	315		Auto trade			
20141013T153706	451.1592	100		Auto trade			
20141013T153708	450.78	100		Auto trade			
20141013T153708	450.76	100		Auto trade			
20141013T153708	450.7	100		Auto trade			
20141013T153708	450.78	100		Auto trade			
20141013T153708	450.65	100		Auto trade			
20141013T153708	450.42	200		Auto trade			
20141013T153708	450.41	100		Auto trade			
20141013T153708	450.65	100		Auto trade			
20141013T153708	450.41	100		Auto trade			
20141013T153708	450.42	100		Auto trade			
20141013T153709	450.42	700		Auto trade			
20141013T153709	450.41	100		Auto trade			
20141013T153709	450.42	100		Auto trade			
20141013T153709	450.2	100		Auto trade			
20141013T153709	450.19	100		Auto trade			
20141013T153710	450.4199	100		Auto trade			
20141013T153710	450.42	200		Auto trade			
20141013T153711	450.41	100		Auto trade			
20141013T153713	450.18	100		Auto trade			
20141013T153716	450.025	100		Auto trade			
20141013T153716	450.	100		Auto trade			
20141013T153716	449.91	100		Auto trade			
20141013T153716	450.	200		Auto trade			
20141013T153716	449.8	100		Auto trade			
20141013T153716	449.75	100		Auto trade			
20141013T153716	449.63	164		Auto trade			
20141013T153716	449.61	100		Auto trade			
20141013T153716	450.01	100		Auto trade			
20141013T153716	449.57	140		Auto trade			
20141013T153716	449.72	100		Auto trade			
20141013T153720	449.56	100		Auto trade			
20141013T153720	449.58	200		Auto trade			
20141013T153721	449.56	100		Auto trade			
20141013T153724	449.97	100		Auto trade			
20141013T153724	449.99	100		Auto trade			
20141013T153724	449.98	100		Auto trade			
20141013T153724	449.97	100		Auto trade			
20141013T153724	449.98	100		Auto trade			
20141013T153725	449.78	100		Auto trade			
20141013T153726	449.99	100		Auto trade			
20141013T153726	450.	100		Auto trade			
20141013T153726	449.99	100		Auto trade			
20141013T153726	450.	100		Auto trade			
20141013T153727	450.42	350		Auto trade			
20141013T153728	450.42	3650		Auto trade			
20141013T153731	450.16	100		Auto trade			
20141013T153736	450.0207	400		Auto trade			
20141013T153737	450.175	200		Auto trade			
20141013T153737	450.4199	200		Auto trade			
20141013T153737	450.406	200		Auto trade			
20141013T153742	450.2	100		Auto trade			
20141013T153744	450.185	200		Auto trade			
20141013T153749	450.06	100		Auto trade			
20141013T153749	450.1064	100		Auto trade			
20141013T153758	450.23	176		Auto trade			
20141013T153758	450.235	200		Auto trade			
20141013T153801	450.265	100		Auto trade			
20141013T153801	450.26	200		Auto trade			
20141013T153801	450.265	100		Auto trade			
20141013T153804	450.265	200		Auto trade			
20141013T153805	450.265	100		Auto trade			
20141013T153805	450.41	200		Auto trade			
20141013T153805	450.265	200		Auto trade			
20141013T153806	450.265	700		Auto trade			
20141013T153815	450.12	100		Auto trade			
20141013T153815	450.07	100		Auto trade			
20141013T153815	450.06	100		Auto trade			
20141013T153815	450.12	100		Auto trade			
20141013T153815	450.02	100		Auto trade			
20141013T153815	450.07	100		Auto trade			
20141013T153815	450.02	100		Auto trade			
20141013T153815	450.15	100		Auto trade			
20141013T153815	450.12	100		Auto trade			
20141013T153815	450.1025	100		Auto trade			
20141013T153815	450.04	100		Auto trade			
20141013T153815	449.77	100		Auto trade			
20141013T153815	449.72	100		Auto trade			
20141013T153815	449.63	100		Auto trade			
20141013T153815	449.96	100		Auto trade			
20141013T153815	450.12	100		Auto trade			
20141013T153816	449.6	100		Auto trade			
20141013T153819	449.885	100		Auto trade			
20141013T153820	449.89	100		Auto trade			
20141013T153820	449.895	100		Auto trade			
20141013T153820	450.	201		Auto trade			
20141013T153820	449.895	200		Auto trade			
20141013T153820	449.8975	100		Auto trade			
20141013T153820	449.895	100		Auto trade			
20141013T153820	449.9	100		Auto trade			
20141013T153821	449.895	200		Auto trade			
20141013T153823	449.8	100		Auto trade			
20141013T153824	449.895	300		Auto trade			
20141013T153824	449.98	100		Auto trade			
20141013T153824	450.	200		Auto trade			
20141013T153824	449.895	100		Auto trade			
20141013T153824	450.	300		Auto trade			
20141013T153824	449.98	100		Auto trade			
20141013T153824	449.895	200		Auto trade			
20141013T153824	449.99	100		Auto trade			
20141013T153824	450.	200		Auto trade			
20141013T153824	449.98	100		Auto trade			
20141013T153824	450.	200		Auto trade			
20141013T153824	449.895	100		Auto trade			
20141013T153824	450.	100		Auto trade			
20141013T153824	449.895	100		Auto trade			
20141013T153824	450.	100		Auto trade			
20141013T153824	449.98	100		Auto trade			
20141013T153824	450.	100		Auto trade			
20141013T153824	449.9	100		Auto trade			
20141013T153824	449.995	100		Auto trade			
20141013T153827	449.91	100		Auto trade			
20141013T153827	449.79	200		Auto trade			
20141013T153827	449.82	100		Auto trade			
20141013T153827	449.79	100		Auto trade			
20141013T153827	449.82	100		Auto trade			
20141013T153827	449.79	100		Auto trade			
20141013T153837	449.925	200		Auto trade			
20141013T153837	450.	100		Auto trade			
20141013T153837	449.925	100		Auto trade			
20141013T153837	450.	132		Auto trade			
20141013T153837	450.05	300		Auto trade			
20141013T153837	449.925	100		Auto trade			
20141013T153837	449.95	100		Auto trade			
20141013T153837	450.	100		Auto trade			
20141013T153837	449.925	100		Auto trade			
20141013T153837	450.	100		Auto trade			
20141013T153837	449.925	200		Auto trade			
20141013T153837	450.03	100		Auto trade			
20141013T153837	449.925	100		Auto trade			
20141013T153837	450.	100		Auto trade			
20141013T153837	449.925	100		Auto trade			
20141013T153839	449.925	100		Auto trade			
20141013T153839	449.93	100		Auto trade			
20141013T153839	449.99	100		Auto trade			
20141013T153839	449.93	100		Auto trade			
20141013T153840	449.925	100		Auto trade			
20141013T153843	449.93	100		Auto trade			
20141013T153843	449.95	100		Auto trade			
20141013T153844	449.89	100		Auto trade			
20141013T153844	449.9	100		Auto trade			
20141013T153844	449.935	100		Auto trade			
20141013T153844	450.	200		Auto trade			
20141013T153845	450.	100		Auto trade			
20141013T153846	449.87	900		Auto trade			
20141013T153846	449.81	100		Auto trade			
20141013T153846	449.87	100		Auto trade			
20141013T153846	449.76	100		Auto trade			
20141013T153846	449.86	100		Auto trade			
20141013T153846	449.883	900		Auto trade			
20141013T153846	449.87	100		Auto trade			
20141013T153848	449.87	100		Auto trade			
20141013T153848	449.88	100		Auto trade			
20141013T153848	449.8	100		Auto trade			
20141013T153848	449.93	100		Auto trade			
20141013T153848	449.99	100		Auto trade			
20141013T153849	449.99	100		Auto trade			
20141013T153849	449.74	100		Auto trade			
20141013T153849	449.65	100		Auto trade			
20141013T153849	449.64	100		Auto trade			
20141013T153852	449.97	109		Auto trade			
20141013T153852	449.99	100		Auto trade			
20141013T153852	450.	119		Auto trade			
20141013T153852	449.97	100		Auto trade			
20141013T153852	449.99	100		Auto trade			
20141013T153852	450.	700		Auto trade			
20141013T153852	449.99	100		Auto trade			
20141013T153855	449.99	100		Auto trade			
20141013T153855	449.98	100		Auto trade			
20141013T153855	449.9895	100		Auto trade			
20141013T153855	450.	100		Auto trade			
20141013T153857	449.99	100		Auto trade			
20141013T153858	449.78	100		Auto trade			
20141013T153859	449.99	100		Auto trade			
20141013T153859	449.98	100		Auto trade			
20141013T153859	450.	100		Auto trade			
20141013T153859	449.83	100		Auto trade			
20141013T153859	449.78	100		Auto trade			
20141013T153859	449.77	100		Auto trade			
20141013T153859	449.85	100		Auto trade			
20141013T153859	449.78	100		Auto trade			
20141013T153859	449.58	100		Auto trade			
20141013T153859	449.6	100		Auto trade			
20141013T153859	449.58	100		Auto trade			
20141013T153859	449.59	100		Auto trade			
20141013T153859	449.78	100		Auto trade			
20141013T153900	449.83	100		Auto trade			
20141013T153901	449.972	100		Auto trade			
20141013T153901	449.98	100		Auto trade			
20141013T153901	449.984	100		Auto trade			
20141013T153903	449.74	100		Auto trade			
20141013T153905	449.99	100		Auto trade			
20141013T153910	449.96	100		Auto trade			
20141013T153911	449.99	100		Auto trade			
20141013T153912	449.99	100		Auto trade			
20141013T153913	449.97	100		Auto trade			
20141013T153914	449.967	350		Auto trade			
20141013T153914	449.99	100		Auto trade			
20141013T153915	449.923	200		Auto trade			
20141013T153917	449.87	100		Auto trade			
20141013T153917	449.81	100		Auto trade			
20141013T153917	449.78	100		Auto trade			
20141013T153917	449.75	100		Auto trade			
20141013T153917	449.865	100		Auto trade			
20141013T153917	449.87	100		Auto trade			
20141013T153917	449.81	100		Auto trade			
20141013T153917	449.76	100		Auto trade			
20141013T153917	449.865	100		Auto trade			
20141013T153917	449.8	100		Auto trade			
20141013T153917	449.79	100		Auto trade			
20141013T153917	449.81	100		Auto trade			
20141013T153918	449.74	100		Auto trade			
20141013T153918	449.68	100		Auto trade			
20141013T153918	449.67	100		Auto trade			
20141013T153918	449.56	140		Auto trade			
20141013T153918	449.79	100		Auto trade			
20141013T153919	449.5	350		Auto trade			
20141013T153919	449.34	100		Auto trade			
20141013T153919	449.1401	479		Auto trade			
20141013T153919	449.355	198		Auto trade			
20141013T153919	449.14	100		Auto trade			
20141013T153919	449.56	100		Auto trade			
20141013T153920	449.14	100		Auto trade			
20141013T153920	449.11	100		Auto trade			
20141013T153920	449.14	100		Auto trade			
20141013T153920	449.09	100		Auto trade			
20141013T153921	449.56	100		Auto trade			
20141013T153923	449.375	100		Auto trade			
20141013T153924	449.2	500		Auto trade			
20141013T153925	449.38	100		Auto trade			
20141013T153925	449.2	100		Auto trade			
20141013T153928	449.2	100		Auto trade			
20141013T153930	449.2	100		Auto trade			
20141013T153930	449.16	100		Auto trade			
20141013T153930	449.295	100		Auto trade			
20141013T153934	449.05	200		Auto trade			
20141013T153937	449.465	100		Auto trade			
20141013T153940	449.19	100		Auto trade			
20141013T153942	449.55	118		Auto trade			
20141013T153942	449.56	103		Auto trade			
20141013T153942	449.44	100		Auto trade			
20141013T153942	449.55	148		Auto trade			
20141013T153942	449.53	100		Auto trade			
20141013T153942	449.56	100		Auto trade			
20141013T153943	449.53	200		Auto trade			
20141013T153945	449.39	100		Auto trade			
20141013T153945	449.37	100		Auto trade			
20141013T153945	449.38	100		Auto trade			
20141013T153945	449.35	400		Auto trade			
20141013T153948	449.4618	250		Auto trade			
20141013T153949	449.52	100		Auto trade			
20141013T153949	449.46	100		Auto trade			
20141013T153949	449.53	100		Auto trade			
20141013T153949	449.54	100		Auto trade			
20141013T153950	449.5	100		Auto trade			
20141013T153952	449.266	100		Auto trade			
20141013T153953	449.25	100		Auto trade			
20141013T153953	449.26	100		Auto trade			
20141013T153953	449.07	100		Auto trade			
20141013T153953	449.26	100		Auto trade			
20141013T153956	449.29	100		Auto trade			
20141013T153958	449.17	100		Auto trade			
20141013T154001	449.52	100		Auto trade			
20141013T154001	449.56	307		Auto trade			
20141013T154001	449.5	100		Auto trade			
20141013T154001	449.51	100		Auto trade			
20141013T154001	449.55	100		Auto trade			
20141013T154001	449.525	100		Auto trade			
20141013T154001	449.55	100		Auto trade			
20141013T154002	449.59	100		Auto trade			
20141013T154013	449.59	100		Auto trade			
20141013T154013	449.6	100		Auto trade			
20141013T154013	449.59	100		Auto trade			
20141013T154016	449.66	100		Auto trade			
20141013T154016	449.62	100		Auto trade			
20141013T154016	449.64	100		Auto trade			
20141013T154016	449.66	100		Auto trade			
20141013T154016	449.59	100		Auto trade			
20141013T154016	449.66	197		Auto trade			
20141013T154016	449.4	100		Auto trade			
20141013T154016	449.3	100		Auto trade			
20141013T154016	449.66	200		Auto trade			
20141013T154019	449.38	100		Auto trade			
20141013T154020	449.38	100		Auto trade			
20141013T154020	449.37	100		Auto trade			
20141013T154020	449.38	100		Auto trade			
20141013T154020	449.37	100		Auto trade			
20141013T154022	449.2	100		Auto trade			
20141013T154022	449.32	100		Auto trade			
20141013T154022	449.31	100		Auto trade			
20141013T154022	449.32	100		Auto trade			
20141013T154022	449.34	100		Auto trade			
20141013T154022	449.33	100		Auto trade			
20141013T154027	449.41	100		Auto trade			
20141013T154027	449.33	100		Auto trade			
20141013T154027	449.32	100		Auto trade			
20141013T154028	449.19	100		Auto trade			
20141013T154028	449.16	200		Auto trade			
20141013T154028	449.19	100		Auto trade			
20141013T154030	449.105	500		Auto trade			
20141013T154030	449.37	100		Auto trade			
20141013T154038	449.699	100		Auto trade			
20141013T154044	449.32	100		Auto trade			
20141013T154047	449.57	100		Auto trade			
20141013T154054	449.48	100		Auto trade			
20141013T154054	449.38	100		Auto trade			
20141013T154054	449.35	100		Auto trade			
20141013T154054	449.38	100		Auto trade			
20141013T154054	449.32	100		Auto trade			
20141013T154056	449.65	100		Auto trade			
20141013T154056	449.7	100		Auto trade			
20141013T154056	449.65	200		Auto trade			
20141013T154056	449.69	100		Auto trade			
20141013T154056	449.7	100		Auto trade			
20141013T154102	449.71	100		Auto trade			
20141013T154102	449.68	100		Auto trade			
20141013T154105	449.64	400		Auto trade			
20141013T154107	449.5	100		Auto trade			
20141013T154116	449.55	100		Auto trade			
20141013T154116	449.54	100		Auto trade			
20141013T154116	449.49	100		Auto trade			
20141013T154119	449.35	100		Auto trade			
20141013T154119	449.34	100		Auto trade			
20141013T154119	449.3	200		Auto trade			
20141013T154119	449.24	100		Auto trade			
20141013T154119	449.384	100		Auto trade			
20141013T154130	449.21	100		Auto trade			
20141013T154130	449.05	100		Auto trade			
20141013T154130	449.04	100		Auto trade			
20141013T154130	448.78	100		Auto trade			
20141013T154130	448.94	100		Auto trade			
20141013T154130	449.	400		Auto trade			
20141013T154130	448.751	100		Auto trade			
20141013T154130	448.82	100		Auto trade			
20141013T154131	448.7801	166		Auto trade			
20141013T154131	448.95	720		Auto trade			
20141013T154131	449.01	100		Auto trade			
20141013T154131	448.98	100		Auto trade			
20141013T154131	448.75	100		Auto trade			
20141013T154132	448.75	500		Auto trade			
20141013T154132	448.96	135		Auto trade			
20141013T154132	448.82	100		Auto trade			
20141013T154132	448.83	100		Auto trade			
20141013T154133	448.75	100		Auto trade			
20141013T154133	448.72	100		Auto trade			
20141013T154133	448.7	100		Auto trade			
20141013T154133	448.59	100		Auto trade			
20141013T154133	448.56	100		Auto trade			
20141013T154133	448.55	100		Auto trade			
20141013T154135	448.74	100		Auto trade			
20141013T154136	448.54	100		Auto trade			
20141013T154136	448.53	100		Auto trade			
20141013T154142	448.6195	100		Auto trade			
20141013T154146	448.77	100		Auto trade			
20141013T154147	448.53	265		Auto trade			
20141013T154147	448.5	100		Auto trade			
20141013T154147	448.53	235		Auto trade			
20141013T154147	448.5	110		Auto trade			
20141013T154149	448.45	100		Auto trade			
20141013T154149	448.87	100		Auto trade			
20141013T154149	448.4	200		Auto trade			
20141013T154149	448.361	100		Auto trade			
20141013T154150	448.36	180		Auto trade			
20141013T154150	448.15	100		Auto trade			
20141013T154150	448.13	100		Auto trade			
20141013T154150	448.12	120		Auto trade			
20141013T154151	448.12	100		Auto trade			
20141013T154159	448.13	100		Auto trade			
20141013T154200	448.13	100		Auto trade			
20141013T154200	448.01	200		Auto trade			
20141013T154200	448.	135		Auto trade			
20141013T154200	447.77	100		Auto trade			
20141013T154201	447.99	230		Auto trade			
20141013T154202	447.84	100		Auto trade			
20141013T154208	447.48	150		Auto trade			
20141013T154208	447.46	100		Auto trade			
20141013T154208	447.718	100		Auto trade			
20141013T154210	447.4645	100		Auto trade			
20141013T154211	447.53	100		Auto trade			
20141013T154213	447.46	100		Auto trade			
20141013T154222	447.46	700		Auto trade			
20141013T154222	447.44	100		Auto trade			
20141013T154222	447.475	100		Auto trade			
20141013T154222	447.3	200		Auto trade			
20141013T154225	447.3	329		Auto trade			
20141013T154225	447.29	100		Auto trade			
20141013T154225	447.3	100		Auto trade			
20141013T154226	447.15	250		Auto trade			
20141013T154228	447.3	100		Auto trade			
20141013T154229	447.42	100		Auto trade			
20141013T154229	447.45	100		Auto trade			
20141013T154229	447.46	157		Auto trade			
20141013T154229	447.42	100		Auto trade			
20141013T154229	447.45	200		Auto trade			
20141013T154229	447.46	200		Auto trade			
20141013T154229	447.42	100		Auto trade			
20141013T154229	447.45	100		Auto trade			
20141013T154229	447.46	150		Auto trade			
20141013T154229	447.4	100		Auto trade			
20141013T154229	447.44	100		Auto trade			
20141013T154229	447.45	100		Auto trade			
20141013T154229	447.43	100		Auto trade			
20141013T154230	447.45	100		Auto trade			
20141013T154230	447.46	100		Auto trade			
20141013T154230	447.5	200		Auto trade			
20141013T154234	447.45	100		Auto trade			
20141013T154234	447.435	200		Auto trade			
20141013T154236	447.45	100		Auto trade			
20141013T154236	447.46	1259		Auto trade			
20141013T154236	447.5	200		Auto trade			
20141013T154236	447.59	100		Auto trade			
20141013T154236	447.79	100		Auto trade			
20141013T154236	447.46	111		Auto trade			
20141013T154236	447.84	100		Auto trade			
20141013T154236	447.79	100		Auto trade			
20141013T154236	447.84	100		Auto trade			
20141013T154236	447.79	100		Auto trade			
20141013T154237	447.3889	100		Auto trade			
20141013T154238	447.9025	100		Auto trade			
20141013T154238	447.8975	100		Auto trade			
20141013T154238	447.8775	100		Auto trade			
20141013T154238	447.97	100		Auto trade			
20141013T154238	447.93	100		Auto trade			
20141013T154238	447.865	100		Auto trade			
20141013T154238	447.9275	100		Auto trade			
20141013T154238	448.04	100		Auto trade			
20141013T154238	447.88	100		Auto trade			
20141013T154238	447.9275	100		Auto trade			
20141013T154238	447.865	100		Auto trade			
20141013T154238	447.9425	100		Auto trade			
20141013T154238	447.9175	100		Auto trade			
20141013T154238	447.8925	100		Auto trade			
20141013T154238	447.9375	100		Auto trade			
20141013T154238	447.865	100		Auto trade			
20141013T154238	447.98	100		Auto trade			
20141013T154239	447.865	100		Auto trade			
20141013T154242	448.454	100		Auto trade			
20141013T154242	448.456	100		Auto trade			
20141013T154244	448.458	100		Auto trade			
20141013T154244	448.46	100		Auto trade			
20141013T154245	448.49	100		Auto trade			
20141013T154246	448.492	100		Auto trade			
20141013T154250	448.09	100		Auto trade			
20141013T154250	448.05	200		Auto trade			
20141013T154250	448.03	100		Auto trade			
20141013T154250	448.09	100		Auto trade			
20141013T154250	448.04	180		Auto trade			
20141013T154250	448.29	100		Auto trade			
20141013T154250	448.3	100		Auto trade			
20141013T154253	448.02	100		Auto trade			
20141013T154253	447.99	100		Auto trade			
20141013T154253	448.04	100		Auto trade			
20141013T154253	448.	100		Auto trade			
20141013T154253	448.04	100		Auto trade			
20141013T154253	447.86	100		Auto trade			
20141013T154253	447.74	100		Auto trade			
20141013T154253	447.69	100		Auto trade			
20141013T154253	448.	100		Auto trade			
20141013T154253	447.85	100		Auto trade			
20141013T154253	447.9	100		Auto trade			
20141013T154253	447.91	100		Auto trade			
20141013T154253	447.87	100		Auto trade			
20141013T154253	447.93	100		Auto trade			
20141013T154253	447.86	100		Auto trade			
20141013T154253	447.93	100		Auto trade			
20141013T154253	447.88	100		Auto trade			
20141013T154253	447.93	100		Auto trade			
20141013T154253	448.025	100		Auto trade			
20141013T154253	447.93	100		Auto trade			
20141013T154253	447.89	100		Auto trade			
20141013T154253	447.85	100		Auto trade			
20141013T154253	447.87	100		Auto trade			
20141013T154253	447.9	100		Auto trade			
20141013T154253	447.85	100		Auto trade			
20141013T154253	447.83	100		Auto trade			
20141013T154253	447.93	100		Auto trade			
20141013T154253	447.915	100		Auto trade			
20141013T154253	447.89	100		Auto trade			
20141013T154253	448.02	100		Auto trade			
20141013T154254	447.82	100		Auto trade			
20141013T154254	447.7	100		Auto trade			
20141013T154254	447.69	100		Auto trade			
20141013T154254	447.7	100		Auto trade			
20141013T154254	447.69	100		Auto trade			
20141013T154254	447.7	100		Auto trade			
20141013T154254	447.575	100		Auto trade			
20141013T154255	447.47	100		Auto trade			
20141013T154255	447.64	100		Auto trade			
20141013T154255	447.69	100		Auto trade			
20141013T154255	447.68	100		Auto trade			
20141013T154255	447.64	100		Auto trade			
20141013T154255	447.68	100		Auto trade			
20141013T154255	447.69	100		Auto trade			
20141013T154255	447.7	108		Auto trade			
20141013T154255	447.69	100		Auto trade			
20141013T154255	447.7	300		Auto trade			
20141013T154255	447.675	100		Auto trade			
20141013T154255	447.69	100		Auto trade			
20141013T154256	447.69	400		Auto trade			
20141013T154256	447.6	100		Auto trade			
20141013T154256	447.67	100		Auto trade			
20141013T154256	447.6	100		Auto trade			
20141013T154256	447.605	100		Auto trade			
20141013T154256	447.6	100		Auto trade			
20141013T154256	447.53	180		Auto trade			
20141013T154256	447.6	100		Auto trade			
20141013T154257	447.5675	100		Auto trade			
20141013T154259	447.4	160		Auto trade			
20141013T154259	447.67	100		Auto trade			
20141013T154300	447.63	600		Auto trade			
20141013T154300	447.64	100		Auto trade			
20141013T154300	447.67	100		Auto trade			
20141013T154300	447.62	100		Auto trade			
20141013T154300	447.665	100		Auto trade			
20141013T154301	447.3	100		Auto trade			
20141013T154301	447.2	100		Auto trade			
20141013T154302	447.2	300		Auto trade			
20141013T154302	447.36	100		Auto trade			
20141013T154302	447.375	100		Auto trade			
20141013T154305	447.42	100		Auto trade			
20141013T154305	447.6	100		Auto trade			
20141013T154305	447.64	200		Auto trade			
20141013T154305	447.645	100		Auto trade			
20141013T154305	447.55	100		Auto trade			
20141013T154305	447.62	100		Auto trade			
20141013T154305	447.64	100		Auto trade			
20141013T154310	447.65	100		Auto trade			
20141013T154311	447.44	100		Auto trade			
20141013T154314	447.46	100		Auto trade			
20141013T154314	447.41	100		Auto trade			
20141013T154314	447.25	100		Auto trade			
20141013T154315	447.45	100		Auto trade			
20141013T154315	447.42	100		Auto trade			
20141013T154315	447.41	100		Auto trade			
20141013T154315	447.4	100		Auto trade			
20141013T154315	447.28	100		Auto trade			
20141013T154315	447.42	100		Auto trade			
20141013T154315	447.41	100		Auto trade			
20141013T154315	447.465	100		Auto trade			
20141013T154315	447.24	100		Auto trade			
20141013T154315	447.44	100		Auto trade			
20141013T154315	447.24	100		Auto trade			
20141013T154315	447.54	100		Auto trade			
20141013T154315	447.45	100		Auto trade			
20141013T154315	447.49	100		Auto trade			
20141013T154315	447.53	100		Auto trade			
20141013T154315	447.47	100		Auto trade			
20141013T154315	447.41	100		Auto trade			
20141013T154315	447.53	100		Auto trade			
20141013T154315	447.33	100		Auto trade			
20141013T154315	447.31	100		Auto trade			
20141013T154315	447.47	100		Auto trade			
20141013T154315	447.24	100		Auto trade			
20141013T154315	447.23	100		Auto trade			
20141013T154315	447.38	100		Auto trade			
20141013T154315	447.465	100		Auto trade			
20141013T154315	447.46	100		Auto trade			
20141013T154315	447.31	100		Auto trade			
20141013T154315	447.27	100		Auto trade			
20141013T154315	447.23	100		Auto trade			
20141013T154315	447.27	100		Auto trade			
20141013T154315	447.25	100		Auto trade			
20141013T154315	447.27	100		Auto trade			
20141013T154315	447.33	100		Auto trade			
20141013T154315	447.27	100		Auto trade			
20141013T154315	447.29	100		Auto trade			
20141013T154315	447.26	100		Auto trade			
20141013T154315	447.23	100		Auto trade			
20141013T154315	447.24	100		Auto trade			
20141013T154315	447.2	100		Auto trade			
20141013T154316	447.17	144		Auto trade			
20141013T154316	447.24	100		Auto trade			
20141013T154316	447.16	100		Auto trade			
20141013T154316	447.15	100		Auto trade			
20141013T154316	447.12	100		Auto trade			
20141013T154316	447.13	100		Auto trade			
20141013T154316	447.1	100		Auto trade			
20141013T154316	447.05	100		Auto trade			
20141013T154316	447.09	100		Auto trade			
20141013T154316	447.1	194		Auto trade			
20141013T154318	447.49	100		Auto trade			
20141013T154321	447.2	200		Auto trade			
20141013T154325	447.1	100		Auto trade			
20141013T154326	447.01	100		Auto trade			
20141013T154327	447.	149		Auto trade			
20141013T154327	446.91	132		Auto trade			
20141013T154327	447.	100		Auto trade			
20141013T154327	447.01	100		Auto trade			
20141013T154327	446.74	100		Auto trade			
20141013T154327	446.7047	200		Auto trade			
20141013T154327	446.7	200		Auto trade			
20141013T154327	446.79	100		Auto trade			
20141013T154327	447.02	100		Auto trade			
20141013T154327	446.82	100		Auto trade			
20141013T154327	446.81	100		Auto trade			
20141013T154327	446.83	100		Auto trade			
20141013T154328	446.66	200		Auto trade			
20141013T154328	446.62	100		Auto trade			
20141013T154329	446.53	100		Auto trade			
20141013T154330	446.5	100		Auto trade			
20141013T154332	446.5	100		Auto trade			
20141013T154332	446.46	100		Auto trade			
20141013T154332	446.5	180		Auto trade			
20141013T154332	446.4	100		Auto trade			
20141013T154332	446.37	100		Auto trade			
20141013T154332	446.58	100		Auto trade			
20141013T154333	446.67	100		Auto trade			
20141013T154333	446.68	100		Auto trade			
20141013T154333	446.7	100		Auto trade			
20141013T154333	446.71	100		Auto trade			
20141013T154333	446.67	100		Auto trade			
20141013T154333	446.82	100		Auto trade			
20141013T154333	446.84	100		Auto trade			
20141013T154333	446.5	100		Auto trade			
20141013T154334	446.35	200		Auto trade			
20141013T154336	446.515	100		Auto trade			
20141013T154336	446.67	100		Auto trade			
20141013T154336	446.7	100		Auto trade			
20141013T154336	446.69	100		Auto trade			
20141013T154336	446.7	500		Auto trade			
20141013T154336	446.79	100		Auto trade			
20141013T154338	447.18	100		Auto trade			
20141013T154340	447.18	100		Auto trade			
20141013T154340	447.19	200		Auto trade			
20141013T154340	447.24	100		Auto trade			
20141013T154340	447.44	100		Auto trade			
20141013T154340	447.19	404		Auto trade			
20141013T154340	447.44	100		Auto trade			
20141013T154340	447.48	100		Auto trade			
20141013T154340	447.49	100		Auto trade			
20141013T154340	447.94	100		Auto trade			
20141013T154340	447.495	100		Auto trade			
20141013T154340	447.6	100		Auto trade			
20141013T154340	447.98	100		Auto trade			
20141013T154340	447.92	100		Auto trade			
20141013T154340	447.637	200		Auto trade			
20141013T154341	447.96	100		Auto trade			
20141013T154346	447.47	100		Auto trade			
20141013T154346	447.02	100		Auto trade			
20141013T154346	447.13	100		Auto trade			
20141013T154349	447.02	120		Auto trade			
20141013T154358	447.17	100		Auto trade			
20141013T154358	447.07	100		Auto trade			
20141013T154358	447.16	100		Auto trade			
20141013T154358	447.17	100		Auto trade			
20141013T154358	447.01	100		Auto trade			
20141013T154358	446.99	100		Auto trade			
20141013T154358	447.07	100		Auto trade			
20141013T154358	447.2	100		Auto trade			
20141013T154358	446.87	100		Auto trade			
20141013T154358	447.085	100		Auto trade			
20141013T154359	446.73	100		Auto trade			
20141013T154359	446.7	100		Auto trade			
20141013T154359	446.69	100		Auto trade			
20141013T154359	446.73	100		Auto trade			
20141013T154401	446.95	100		Auto trade			
20141013T154402	446.79	100		Auto trade			
20141013T154405	446.441	120		Auto trade			
20141013T154408	446.96	100		Auto trade			
20141013T154409	446.85	100		Auto trade			
20141013T154409	446.54	500		Auto trade			
20141013T154413	447.1	200		Auto trade			
20141013T154413	446.79	100		Auto trade			
20141013T154413	446.76	100		Auto trade			
20141013T154413	446.55	200		Auto trade			
20141013T154413	446.67	100		Auto trade			
20141013T154413	446.61	100		Auto trade			
20141013T154413	446.58	100		Auto trade			
20141013T154413	446.51	100		Auto trade			
20141013T154413	446.89	105		Auto trade			
20141013T154416	447.08	100		Auto trade			
20141013T154417	446.58	100		Auto trade			
20141013T154418	446.5065	200		Auto trade			
20141013T154419	446.52	200		Auto trade			
20141013T154420	447.067	100		Auto trade			
20141013T154425	447.1299	100		Auto trade			
20141013T154431	446.57	100		Auto trade			
20141013T154437	446.5339	300		Auto trade			
20141013T154439	446.67	100		Auto trade			
20141013T154450	446.4957	100		Auto trade			
20141013T154452	446.501	200		Auto trade			
20141013T154453	446.91	100		Auto trade			
20141013T154453	446.92	100		Auto trade			
20141013T154453	446.96	100		Auto trade			
20141013T154453	446.97	100		Auto trade			
20141013T154453	446.96	100		Auto trade			
20141013T154453	446.95	100		Auto trade			
20141013T154453	446.92	100		Auto trade			
20141013T154454	446.592	100		Auto trade			
20141013T154454	446.568	100		Auto trade			
20141013T154454	446.7	100		Auto trade			
20141013T154458	446.98	150		Auto trade			
20141013T154509	446.78	100		Auto trade			
20141013T154511	446.75	100		Auto trade			
20141013T154511	446.74	100		Auto trade			
20141013T154511	446.75	100		Auto trade			
20141013T154512	447.159	500		Auto trade			
20141013T154512	446.75	100		Auto trade			
20141013T154513	446.94	100		Auto trade			
20141013T154513	446.75	100		Auto trade			
20141013T154513	446.95	100		Auto trade			
20141013T154513	446.97	100		Auto trade			
20141013T154514	446.97	100		Auto trade			
20141013T154514	446.98	100		Auto trade			
20141013T154514	447.	102		Auto trade			
20141013T154516	447.1996	900		Auto trade			
20141013T154516	447.082	100		Auto trade			
20141013T154517	447.16	100		Auto trade			
20141013T154517	447.17	100		Auto trade			
20141013T154518	447.46	100		Auto trade			
20141013T154526	447.47	100		Auto trade			
20141013T154526	447.48	100		Auto trade			
20141013T154527	447.17	100		Auto trade			
20141013T154527	447.16	100		Auto trade			
20141013T154527	447.04	100		Auto trade			
20141013T154527	447.16	100		Auto trade			
20141013T154527	447.05	100		Auto trade			
20141013T154528	447.16	100		Auto trade			
20141013T154529	446.85	200		Auto trade			
20141013T154531	446.8501	150		Auto trade			
20141013T154538	447.403	100		Auto trade			
20141013T154539	446.98	100		Auto trade			
20141013T154539	447.215	100		Auto trade			
20141013T154539	447.04	100		Auto trade			
20141013T154543	447.44	100		Auto trade			
20141013T154543	447.45	100		Auto trade			
20141013T154543	447.46	200		Auto trade			
20141013T154543	447.45	100		Auto trade			
20141013T154543	447.46	300		Auto trade			
20141013T154543	447.41	100		Auto trade			
20141013T154543	447.47	100		Auto trade			
20141013T154543	447.48	100		Auto trade			
20141013T154543	447.75	100		Auto trade			
20141013T154543	447.8	100		Auto trade			
20141013T154543	447.47	100		Auto trade			
20141013T154543	447.82	100		Auto trade			
20141013T154543	447.43	100		Auto trade			
20141013T154545	447.36	100		Auto trade			
20141013T154547	447.7455	500		Auto trade			
20141013T154547	447.9	100		Auto trade			
20141013T154548	448.27	300		Auto trade			
20141013T154548	448.11	100		Auto trade			
20141013T154549	447.81	100		Auto trade			
20141013T154550	447.805	100		Auto trade			
20141013T154556	448.239	200		Auto trade			
20141013T154557	447.61	100		Auto trade			
20141013T154557	447.54	100		Auto trade			
20141013T154557	447.55	100		Auto trade			
20141013T154610	447.68	100		Auto trade			
20141013T154615	447.7	100		Auto trade			
20141013T154615	447.695	120		Auto trade			
20141013T154627	447.48	100		Auto trade			
20141013T154627	447.47	100		Auto trade			
20141013T154627	447.49	100		Auto trade			
20141013T154627	447.4475	100		Auto trade			
20141013T154627	447.43	100		Auto trade			
20141013T154628	447.91	100		Auto trade			
20141013T154629	447.42	100		Auto trade			
20141013T154630	447.54	100		Auto trade			
20141013T154632	447.55	100		Auto trade			
20141013T154632	447.54	100		Auto trade			
20141013T154634	447.6	200		Auto trade			
20141013T154636	447.55	100		Auto trade			
20141013T154636	447.605	100		Auto trade			
20141013T154637	447.605	300		Auto trade			
20141013T154637	447.67	100		Auto trade			
20141013T154637	447.61	100		Auto trade			
20141013T154637	447.615	100		Auto trade			
20141013T154639	447.8	100		Auto trade			
20141013T154639	447.56	100		Auto trade			
20141013T154641	447.57	100		Auto trade			
20141013T154643	447.55	100		Auto trade			
20141013T154643	447.42	100		Auto trade			
20141013T154643	447.27	100		Auto trade			
20141013T154645	447.49	100		Auto trade			
20141013T154646	447.2	200		Auto trade			
20141013T154650	447.37	100		Auto trade			
20141013T154651	447.48	100		Auto trade			
20141013T154651	447.36	100		Auto trade			
20141013T154651	447.2	100		Auto trade			
20141013T154651	447.19	100		Auto trade			
20141013T154651	447.36	100		Auto trade			
20141013T154651	447.51	100		Auto trade			
20141013T154652	447.48	100		Auto trade			
20141013T154703	447.3	100		Auto trade			
20141013T154714	447.24	100		Auto trade			
20141013T154715	447.08	100		Auto trade			
20141013T154716	447.02	100		Auto trade			
20141013T154716	447.045	100		Auto trade			
20141013T154716	446.96	100		Auto trade			
20141013T154716	447.03	100		Auto trade			
20141013T154717	446.96	100		Auto trade			
20141013T154717	447.	2900		Auto trade			
20141013T154719	446.96	100		Auto trade			
20141013T154722	446.86	100		Auto trade			
20141013T154722	446.85	100		Auto trade			
20141013T154722	446.84	100		Auto trade			
20141013T154722	446.8	100		Auto trade			
20141013T154722	446.96	100		Auto trade			
20141013T154725	447.	100		Auto trade			
20141013T154725	446.995	100		Auto trade			
20141013T154726	446.99	100		Auto trade			
20141013T154730	446.99	200		Auto trade			
20141013T154731	446.76	100		Auto trade			
20141013T154732	446.77	100		Auto trade			
20141013T154732	446.76	100		Auto trade			
20141013T154738	446.97	100		Auto trade			
20141013T154739	446.99	100		Auto trade			
20141013T154739	447.	100		Auto trade			
20141013T154739	447.005	100		Auto trade			
20141013T154739	447.2	153		Auto trade			
20141013T154739	447.16	100		Auto trade			
20141013T154739	447.	100		Auto trade			
20141013T154739	447.19	100		Auto trade			
20141013T154739	447.05	100		Auto trade			
20141013T154739	447.28	150		Auto trade			
20141013T154739	447.	100		Auto trade			
20141013T154739	447.005	100		Auto trade			
20141013T154739	447.0075	100		Auto trade			
20141013T154739	447.	100		Auto trade			
20141013T154739	447.005	100		Auto trade			
20141013T154739	447.07	100		Auto trade			
20141013T154739	447.14	100		Auto trade			
20141013T154739	447.12	100		Auto trade			
20141013T154739	447.005	100		Auto trade			
20141013T154739	447.01	100		Auto trade			
20141013T154739	447.	100		Auto trade			
20141013T154739	447.03	100		Auto trade			
20141013T154741	447.08	100		Auto trade			
20141013T154741	447.09	100		Auto trade			
20141013T154742	447.08	100		Auto trade			
20141013T154742	447.01	100		Auto trade			
20141013T154747	446.88	100		Auto trade			
20141013T154747	446.94	100		Auto trade			
20141013T154751	446.888	100		Auto trade			
20141013T154751	446.88	100		Auto trade			
20141013T154751	446.81	100		Auto trade			
20141013T154751	446.88	100		Auto trade			
20141013T154751	446.82	100		Auto trade			
20141013T154751	446.75	100		Auto trade			
20141013T154751	446.8	300		Auto trade			
20141013T154751	446.75	100		Auto trade			
20141013T154751	446.65	100		Auto trade			
20141013T154751	446.7	100		Auto trade			
20141013T154751	446.65	100		Auto trade			
20141013T154752	446.75	500		Auto trade			
20141013T154752	446.55	100		Auto trade			
20141013T154752	446.52	100		Auto trade			
20141013T154752	446.51	100		Auto trade			
20141013T154752	446.5	953		Auto trade			
20141013T154752	446.7	100		Auto trade			
20141013T154752	446.5	100		Auto trade			
20141013T154752	446.44	100		Auto trade			
20141013T154752	446.37	100		Auto trade			
20141013T154753	446.52	100		Auto trade			
20141013T154755	446.41	100		Auto trade			
20141013T154803	446.52	100		Auto trade			
20141013T154803	446.53	100		Auto trade			
20141013T154803	446.41	100		Auto trade			
20141013T154803	446.38	100		Auto trade			
20141013T154803	446.37	100		Auto trade			
20141013T154803	446.38	100		Auto trade			
20141013T154803	446.25	100		Auto trade			
20141013T154807	446.29	100		Auto trade			
20141013T154807	446.37	100		Auto trade			
20141013T154807	446.41	100		Auto trade			
20141013T154807	446.33	100		Auto trade			
20141013T154807	446.22	100		Auto trade			
20141013T154807	446.21	100		Auto trade			
20141013T154807	446.26	100		Auto trade			
20141013T154808	446.27	600		Auto trade			
20141013T154808	446.255	200		Auto trade			
20141013T154808	446.2	100		Auto trade			
20141013T154808	446.14	100		Auto trade			
20141013T154808	446.12	100		Auto trade			
20141013T154808	446.2	100		Auto trade			
20141013T154808	446.17	100		Auto trade			
20141013T154808	446.13	100		Auto trade			
20141013T154808	446.2	100		Auto trade			
20141013T154808	446.17	139		Auto trade			
20141013T154809	446.01	100		Auto trade			
20141013T154810	446.1	100		Auto trade			
20141013T154811	446.12	100		Auto trade			
20141013T154816	446.18	100		Auto trade			
20141013T154816	446.02	100		Auto trade			
20141013T154817	446.01	100		Auto trade			
20141013T154817	446.	100		Auto trade			
20141013T154817	446.01	100		Auto trade			
20141013T154817	445.78	100		Auto trade			
20141013T154821	445.9	100		Auto trade			
20141013T154822	445.94	100		Auto trade			
20141013T154822	445.95	100		Auto trade			
20141013T154822	445.93	100		Auto trade			
20141013T154822	445.96	100		Auto trade			
20141013T154822	445.93	100		Auto trade			
20141013T154822	445.96	100		Auto trade			
20141013T154822	445.97	100		Auto trade			
20141013T154822	446.	100		Auto trade			
20141013T154822	445.99	100		Auto trade			
20141013T154822	445.96	100		Auto trade			
20141013T154823	445.96	100		Auto trade			
20141013T154823	446.01	100		Auto trade			
20141013T154823	445.96	100		Auto trade			
20141013T154823	446.01	100		Auto trade			
20141013T154826	446.01	100		Auto trade			
20141013T154826	446.	100		Auto trade			
20141013T154827	446.3416	200		Auto trade			
20141013T154829	446.21	100		Auto trade			
20141013T154829	446.2	100		Auto trade			
20141013T154830	446.3083	250		Auto trade			
20141013T154834	446.01	100		Auto trade			
20141013T154835	446.02	100		Auto trade			
20141013T154835	446.01	100		Auto trade			
20141013T154839	445.85	100		Auto trade			
20141013T154839	445.98	100		Auto trade			
20141013T154839	445.84	300		Auto trade			
20141013T154839	445.85	100		Auto trade			
20141013T154839	445.84	200		Auto trade			
20141013T154839	445.78	100		Auto trade			
20141013T154839	445.75	100		Auto trade			
20141013T154839	445.95	100		Auto trade			
20141013T154839	445.85	100		Auto trade			
20141013T154839	445.84	100		Auto trade			
20141013T154839	445.8	100		Auto trade			
20141013T154839	445.76	100		Auto trade			
20141013T154840	445.6	100		Auto trade			
20141013T154840	445.605	100		Auto trade			
20141013T154840	445.6	100		Auto trade			
20141013T154841	445.6	100		Auto trade			
20141013T154841	445.51	100		Auto trade			
20141013T154841	445.38	100		Auto trade			
20141013T154841	445.36	100		Auto trade			
20141013T154841	445.408	100		Auto trade			
20141013T154841	445.3601	150		Auto trade			
20141013T154842	446.	400		Auto trade			
20141013T154842	445.5432	100		Auto trade			
20141013T154843	445.6	100		Auto trade			
20141013T154848	445.5	100		Auto trade			
20141013T154848	445.49	100		Auto trade			
20141013T154848	445.4	100		Auto trade			
20141013T154848	445.45	100		Auto trade			
20141013T154848	445.41	100		Auto trade			
20141013T154848	445.36	108		Auto trade			
20141013T154858	445.67	100		Auto trade			
20141013T154902	446.	150		Auto trade			
20141013T154904	446.	200		Auto trade			
20141013T154904	446.08	199		Auto trade			
20141013T154904	445.8	100		Auto trade			
20141013T154906	445.8	100		Auto trade			
20141013T154907	445.999	100		Auto trade			
20141013T154910	445.54	100		Auto trade			
20141013T154917	445.69	131		Auto trade			
20141013T154917	445.79	100		Auto trade			
20141013T154918	445.9799	200		Auto trade			
20141013T154921	445.69	100		Auto trade			
20141013T154926	445.51	100		Auto trade			
20141013T154926	445.5	200		Auto trade			
20141013T154927	445.5	100		Auto trade			
20141013T154928	445.42	100		Auto trade			
20141013T154928	445.487	100		Auto trade			
20141013T154931	445.5	400		Auto trade			
20141013T154933	445.41	100		Auto trade			
20141013T154939	445.49	100		Auto trade			
20141013T154939	445.48	100		Auto trade			
20141013T154942	445.48	100		Auto trade			
20141013T154942	445.41	102		Auto trade			
20141013T154947	445.77	200		Auto trade			
20141013T154958	445.65	100		Auto trade			
20141013T154958	445.75	100		Auto trade			
20141013T154958	445.8	100		Auto trade			
20141013T154958	445.76	100		Auto trade			
20141013T154958	445.77	100		Auto trade			
20141013T154958	445.76	100		Auto trade			
20141013T154958	445.67	100		Auto trade			
20141013T154958	445.76	100		Auto trade			
20141013T154958	445.5775	100		Auto trade			
20141013T154958	445.56	100		Auto trade			
20141013T154958	445.66	100		Auto trade			
20141013T154958	445.565	100		Auto trade			
20141013T154958	445.56	100		Auto trade			
20141013T154958	445.76	100		Auto trade			
20141013T155000	445.56	100		Auto trade			
20141013T155003	445.64	100		Auto trade			
20141013T155008	445.406	105		Auto trade			
20141013T155009	445.25	100		Auto trade			
20141013T155009	445.31	100		Auto trade			
20141013T155009	445.29	100		Auto trade			
20141013T155009	445.31	100		Auto trade			
20141013T155009	445.15	197		Auto trade			
20141013T155012	445.26	100		Auto trade			
20141013T155016	445.29	100		Auto trade			
20141013T155021	445.28	100		Auto trade			
20141013T155021	445.24	100		Auto trade			
20141013T155021	445.25	100		Auto trade			
20141013T155021	445.315	100		Auto trade			
20141013T155024	445.2212	200		Auto trade			
20141013T155025	445.18	100		Auto trade			
20141013T155025	445.185	100		Auto trade			
20141013T155025	445.05	168		Auto trade			
20141013T155025	445.03	100		Auto trade			
20141013T155025	445.	500		Auto trade			
20141013T155026	445.17	200		Auto trade			
20141013T155026	445.25	100		Auto trade			
20141013T155026	445.245	100		Auto trade			
20141013T155026	445.02	100		Auto trade			
20141013T155028	445.02	300		Auto trade			
20141013T155028	445.	100		Auto trade			
20141013T155028	444.97	100		Auto trade			
20141013T155028	444.85	100		Auto trade			
20141013T155029	444.77	100		Auto trade			
20141013T155029	444.82	100		Auto trade			
20141013T155029	444.77	900		Auto trade			
20141013T155029	444.8	100		Auto trade			
20141013T155029	444.63	500		Auto trade			
20141013T155030	444.93	100		Auto trade			
20141013T155030	444.97	100		Auto trade			
20141013T155030	445.	100		Auto trade			
20141013T155030	445.02	100		Auto trade			
20141013T155030	445.04	100		Auto trade			
20141013T155030	445.05	100		Auto trade			
20141013T155030	445.11	100		Auto trade			
20141013T155030	445.17	200		Auto trade			
20141013T155030	444.89	100		Auto trade			
20141013T155031	444.88	100		Auto trade			
20141013T155031	444.67	100		Auto trade			
20141013T155032	444.64	100		Auto trade			
20141013T155032	444.6005	100		Auto trade			
20141013T155033	444.69	100		Auto trade			
20141013T155033	444.61	100		Auto trade			
20141013T155033	444.6	100		Auto trade			
20141013T155033	444.68	100		Auto trade			
20141013T155033	444.6	100		Auto trade			
20141013T155033	444.56	100		Auto trade			
20141013T155033	444.68	100		Auto trade			
20141013T155033	444.69	100		Auto trade			
20141013T155033	444.68	100		Auto trade			
20141013T155033	444.6	100		Auto trade			
20141013T155033	444.68	100		Auto trade			
20141013T155033	444.58	100		Auto trade			
20141013T155033	444.68	100		Auto trade			
20141013T155033	444.66	100		Auto trade			
20141013T155033	444.57	100		Auto trade			
20141013T155033	444.56	100		Auto trade			
20141013T155033	444.62	100		Auto trade			
20141013T155033	444.6	100		Auto trade			
20141013T155033	444.625	100		Auto trade			
20141013T155033	444.6	100		Auto trade			
20141013T155033	444.76	100		Auto trade			
20141013T155033	444.96	100		Auto trade			
20141013T155034	444.57	300		Auto trade			
20141013T155034	444.68	100		Auto trade			
20141013T155034	444.57	100		Auto trade			
20141013T155035	444.765	100		Auto trade			
20141013T155035	444.78	105		Auto trade			
20141013T155035	444.87	100		Auto trade			
20141013T155035	444.8	100		Auto trade			
20141013T155035	444.78	100		Auto trade			
20141013T155036	444.78	100		Auto trade			
20141013T155037	444.93	100		Auto trade			
20141013T155037	444.94	100		Auto trade			
20141013T155037	444.89	100		Auto trade			
20141013T155037	444.93	100		Auto trade			
20141013T155037	444.975	100		Auto trade			
20141013T155037	444.93	100		Auto trade			
20141013T155037	444.92	100		Auto trade			
20141013T155037	445.09	100		Auto trade			
20141013T155037	444.8805	100		Auto trade			
20141013T155037	444.96	100		Auto trade			
20141013T155037	445.15	100		Auto trade			
20141013T155037	445.17	100		Auto trade			
20141013T155037	445.02	100		Auto trade			
20141013T155037	445.23	100		Auto trade			
20141013T155037	445.17	100		Auto trade			
20141013T155037	445.23	100		Auto trade			
20141013T155037	445.17	100		Auto trade			
20141013T155038	444.78	100		Auto trade			
20141013T155038	445.	100		Auto trade			
20141013T155038	444.94	100		Auto trade			
20141013T155038	445.	100		Auto trade			
20141013T155038	444.78	100		Auto trade			
20141013T155038	444.7	100		Auto trade			
20141013T155039	444.57	100		Auto trade			
20141013T155041	444.7	100		Auto trade			
20141013T155041	444.62	100		Auto trade			
20141013T155041	444.66	100		Auto trade			
20141013T155041	444.63	100		Auto trade			
20141013T155042	445.0089	200		Auto trade			
20141013T155042	444.62	100		Auto trade			
20141013T155042	444.64	100		Auto trade			
20141013T155042	444.578	100		Auto trade			
20141013T155042	444.57	100		Auto trade			
20141013T155042	444.52	247		Auto trade			
20141013T155042	444.57	100		Auto trade			
20141013T155042	444.83	103		Auto trade			
20141013T155042	444.3618	100		Auto trade			
20141013T155043	444.353	100		Auto trade			
20141013T155043	444.618	200		Auto trade			
20141013T155043	444.3	200		Auto trade			
20141013T155046	444.6	100		Auto trade			
20141013T155046	444.39	100		Auto trade			
20141013T155048	444.43	100		Auto trade			
20141013T155052	444.62	100		Auto trade			
20141013T155052	444.59	100		Auto trade			
20141013T155053	444.59	600		Auto trade			
20141013T155055	444.59	100		Auto trade			
20141013T155055	444.74	100		Auto trade			
20141013T155055	444.8	100		Auto trade			
20141013T155055	444.59	100		Auto trade			
20141013T155056	444.59	900		Auto trade			
20141013T155058	444.59	200		Auto trade			
20141013T155104	444.61	200		Auto trade			
20141013T155105	444.61	200		Auto trade			
20141013T155106	444.4325	100		Auto trade			
20141013T155106	444.43	100		Auto trade			
20141013T155106	444.38	100		Auto trade			
20141013T155107	444.53	100		Auto trade			
20141013T155108	444.35	200		Auto trade			
20141013T155110	444.35	200		Auto trade			
20141013T155110	444.4	100		Auto trade			
20141013T155110	444.3	100		Auto trade			
20141013T155110	444.2	100		Auto trade			
20141013T155111	444.21	100		Auto trade			
20141013T155111	444.254	100		Auto trade			
20141013T155112	444.4999	100		Auto trade			
20141013T155114	444.13	100		Auto trade			
20141013T155120	444.12	300		Auto trade			
20141013T155120	444.03	100		Auto trade			
20141013T155122	444.15	100		Auto trade			
20141013T155122	444.	100		Auto trade			
20141013T155123	444.	100		Auto trade			
20141013T155124	444.	5075		Auto trade			
20141013T155125	444.	100		Auto trade			
20141013T155125	443.87	400		Auto trade			
20141013T155127	443.8	200		Auto trade			
20141013T155127	443.9	100		Auto trade			
20141013T155127	443.64	100		Auto trade			
20141013T155131	443.99	200		Auto trade			
20141013T155132	443.98	100		Auto trade			
20141013T155132	443.99	100		Auto trade			
20141013T155132	443.98	100		Auto trade			
20141013T155132	443.99	100		Auto trade			
20141013T155132	443.98	100		Auto trade			
20141013T155132	443.99	100		Auto trade			
20141013T155133	443.77	100		Auto trade			
20141013T155133	443.76	100		Auto trade			
20141013T155134	443.64	100		Auto trade			
20141013T155136	443.53	300		Auto trade			
20141013T155137	443.84	100		Auto trade			
20141013T155138	443.53	100		Auto trade			
20141013T155140	443.55	100		Auto trade			
20141013T155143	443.58	100		Auto trade			
20141013T155143	443.57	100		Auto trade			
20141013T155143	443.53	100		Auto trade			
20141013T155143	443.45	100		Auto trade			
20141013T155143	443.57	400		Auto trade			
20141013T155143	443.25	100		Auto trade			
20141013T155145	443.09	100		Auto trade			
20141013T155150	443.17	100		Auto trade			
20141013T155154	443.28	100		Auto trade			
20141013T155154	443.29	200		Auto trade			
20141013T155155	443.5299	271		Auto trade			
20141013T155155	443.52	100		Auto trade			
20141013T155155	443.51	100		Auto trade			
20141013T155155	443.53	100		Auto trade			
20141013T155157	443.18	100		Auto trade			
20141013T155157	443.16	100		Auto trade			
20141013T155157	443.15	100		Auto trade			
20141013T155157	443.09	100		Auto trade			
20141013T155157	443.08	100		Auto trade			
20141013T155157	443.07	100		Auto trade			
20141013T155157	443.	100		Auto trade			
20141013T155157	443.175	100		Auto trade			
20141013T155157	443.18	600		Auto trade			
20141013T155159	443.3695	237		Auto trade			
20141013T155159	443.14	100		Auto trade			
20141013T155200	443.13	100		Auto trade			
20141013T155205	443.	100		Auto trade			
20141013T155205	442.93	157		Auto trade			
20141013T155205	443.03	100		Auto trade			
20141013T155206	442.95	100		Auto trade			
20141013T155207	443.4399	100		Auto trade			
20141013T155208	443.	100		Auto trade			
20141013T155210	443.2	100		Auto trade			
20141013T155210	443.	200		Auto trade			
20141013T155210	442.995	200		Auto trade			
20141013T155210	443.	100		Auto trade			
20141013T155211	442.98	100		Auto trade			
20141013T155211	442.94	610		Auto trade			
20141013T155211	442.89	200		Auto trade			
20141013T155211	442.8	100		Auto trade			
20141013T155212	442.63	100		Auto trade			
20141013T155213	442.6005	300		Auto trade			
20141013T155213	442.7	100		Auto trade			
20141013T155215	442.84	113		Auto trade			
20141013T155216	442.71	100		Auto trade			
20141013T155219	442.794	500		Auto trade			
20141013T155219	442.74	100		Auto trade			
20141013T155219	442.67	100		Auto trade			
20141013T155224	442.71	367		Auto trade			
20141013T155224	442.78	125		Auto trade			
20141013T155224	442.59	100		Auto trade			
20141013T155225	442.5	100		Auto trade			
20141013T155226	442.5	100		Auto trade			
20141013T155226	442.57	100		Auto trade			
20141013T155230	442.55	100		Auto trade			
20141013T155231	442.45	100		Auto trade			
20141013T155232	442.55	100		Auto trade			
20141013T155232	442.56	100		Auto trade			
20141013T155232	442.4	100		Auto trade			
20141013T155233	442.5	100		Auto trade			
20141013T155234	442.27	100		Auto trade			
20141013T155234	442.26	100		Auto trade			
20141013T155235	442.0801	300		Auto trade			
20141013T155236	442.24	100		Auto trade			
20141013T155238	442.24	100		Auto trade			
20141013T155239	442.08	100		Auto trade			
20141013T155243	442.05	100		Auto trade			
20141013T155246	442.22	200		Auto trade			
20141013T155250	442.17	100		Auto trade			
20141013T155251	442.	100		Auto trade			
20141013T155253	442.06	100		Auto trade			
20141013T155254	442.06	100		Auto trade			
20141013T155257	442.06	100		Auto trade			
20141013T155258	442.15	100		Auto trade			
20141013T155259	442.15	100		Auto trade			
20141013T155259	442.3	100		Auto trade			
20141013T155259	442.31	100		Auto trade			
20141013T155259	442.15	100		Auto trade			
20141013T155259	442.3	100		Auto trade			
20141013T155259	442.31	100		Auto trade			
20141013T155259	442.15	100		Auto trade			
20141013T155259	442.3	100		Auto trade			
20141013T155259	442.31	100		Auto trade			
20141013T155259	442.15	100		Auto trade			
20141013T155259	442.3	100		Auto trade			
20141013T155259	442.15	100		Auto trade			
20141013T155259	442.3	100		Auto trade			
20141013T155259	442.32	108		Auto trade			
20141013T155259	442.4	100		Auto trade			
20141013T155259	442.16	100		Auto trade			
20141013T155302	442.26	100		Auto trade			
20141013T155302	442.382	1000		Auto trade			
20141013T155303	442.345	100		Auto trade			
20141013T155303	442.28	100		Auto trade			
20141013T155303	442.39	100		Auto trade			
20141013T155304	442.3	100		Auto trade			
20141013T155306	442.201	100		Auto trade			
20141013T155306	442.2	100		Auto trade			
20141013T155312	442.02	280		Auto trade			
20141013T155315	442.409	100		Auto trade			
20141013T155316	442.41	300		Auto trade			
20141013T155317	442.205	100		Auto trade			
20141013T155318	442.07	100		Auto trade			
20141013T155318	442.205	100		Auto trade			
20141013T155318	442.26	100		Auto trade			
20141013T155319	442.39	150		Auto trade			
20141013T155319	442.4	100		Auto trade			
20141013T155319	442.41	100		Auto trade			
20141013T155319	442.44	100		Auto trade			
20141013T155319	442.41	100		Auto trade			
20141013T155320	442.47	100		Auto trade			
20141013T155322	442.89	100		Auto trade			
20141013T155323	442.76	100		Auto trade			
20141013T155323	442.986	500		Auto trade			
20141013T155323	442.98	100		Auto trade			
20141013T155329	442.48	100		Auto trade			
20141013T155329	442.45	100		Auto trade			
20141013T155329	442.43	200		Auto trade			
20141013T155329	442.45	100		Auto trade			
20141013T155329	442.48	100		Auto trade			
20141013T155329	442.45	100		Auto trade			
20141013T155329	442.28	100		Auto trade			
20141013T155329	442.48	100		Auto trade			
20141013T155329	442.47	100		Auto trade			
20141013T155329	442.45	100		Auto trade			
20141013T155329	442.38	100		Auto trade			
20141013T155329	442.43	100		Auto trade			
20141013T155329	442.28	100		Auto trade			
20141013T155329	442.43	100		Auto trade			
20141013T155329	442.455	100		Auto trade			
20141013T155329	442.7484	300		Auto trade			
20141013T155333	442.48	166		Auto trade			
20141013T155334	442.56	200		Auto trade			
20141013T155334	442.29	100		Auto trade			
20141013T155340	442.0401	370		Auto trade			
20141013T155340	442.04	500		Auto trade			
20141013T155341	442.33	111		Auto trade			
20141013T155341	442.47	100		Auto trade			
20141013T155341	442.33	100		Auto trade			
20141013T155342	442.07	100		Auto trade			
20141013T155343	442.162	100		Auto trade			
20141013T155346	442.3	100		Auto trade			
20141013T155354	442.56	100		Auto trade			
20141013T155354	442.57	100		Auto trade			
20141013T155354	442.58	200		Auto trade			
20141013T155354	442.59	100		Auto trade			
20141013T155354	442.6	100		Auto trade			
20141013T155354	442.59	100		Auto trade			
20141013T155354	442.6	100		Auto trade			
20141013T155354	442.61	100		Auto trade			
20141013T155354	442.59	100		Auto trade			
20141013T155354	442.6	200		Auto trade			
20141013T155354	442.62	107		Auto trade			
20141013T155354	442.6	177		Auto trade			
20141013T155354	442.62	200		Auto trade			
20141013T155354	442.88	100		Auto trade			
20141013T155354	442.9	120		Auto trade			
20141013T155354	442.6	100		Auto trade			
20141013T155354	442.567	515		Auto trade			
20141013T155354	442.795	100		Auto trade			
20141013T155354	442.46	100		Auto trade			
20141013T155354	443.18	100		Auto trade			
20141013T155402	442.89	100		Auto trade			
20141013T155402	443.16	100		Auto trade			
20141013T155406	442.7596	103		Auto trade			
20141013T155407	443.0591	150		Auto trade			
20141013T155411	443.15	100		Auto trade			
20141013T155414	443.01	100		Auto trade			
20141013T155422	442.97	100		Auto trade			
20141013T155422	442.925	100		Auto trade			
20141013T155422	443.095	100		Auto trade			
20141013T155424	443.	169		Auto trade			
20141013T155424	443.13	100		Auto trade			
20141013T155424	443.15	100		Auto trade			
20141013T155425	443.05	100		Auto trade			
20141013T155425	443.08	100		Auto trade			
20141013T155425	443.05	100		Auto trade			
20141013T155425	442.9	200		Auto trade			
20141013T155425	442.89	100		Auto trade			
20141013T155425	442.985	100		Auto trade			
20141013T155425	443.07	100		Auto trade			
20141013T155425	443.14	100		Auto trade			
20141013T155425	443.15	100		Auto trade			
20141013T155426	443.15	412		Auto trade			
20141013T155426	443.3747	922		Auto trade			
20141013T155426	443.31	100		Auto trade			
20141013T155426	443.44	100		Auto trade			
20141013T155426	443.448	100		Auto trade			
20141013T155426	443.15	100		Auto trade			
20141013T155427	443.54	100		Auto trade			
20141013T155427	443.66	100		Auto trade			
20141013T155427	443.67	100		Auto trade			
20141013T155427	443.66	100		Auto trade			
20141013T155427	443.68	100		Auto trade			
20141013T155427	443.67	100		Auto trade			
20141013T155427	443.66	100		Auto trade			
20141013T155427	443.67	100		Auto trade			
20141013T155427	443.66	100		Auto trade			
20141013T155427	443.67	100		Auto trade			
20141013T155429	443.64	100		Auto trade			
20141013T155429	443.63	100		Auto trade			
20141013T155429	443.66	100		Auto trade			
20141013T155429	443.532	100		Auto trade			
20141013T155429	443.64	100		Auto trade			
20141013T155432	443.628	100		Auto trade			
20141013T155432	443.64	100		Auto trade			
20141013T155432	443.65	100		Auto trade			
20141013T155432	443.64	100		Auto trade			
20141013T155432	443.68	100		Auto trade			
20141013T155432	443.61	100		Auto trade			
20141013T155432	443.64	100		Auto trade			
20141013T155432	443.7	500		Auto trade			
20141013T155432	443.83	600		Auto trade			
20141013T155433	443.84	100		Auto trade			
20141013T155433	443.99	100		Auto trade			
20141013T155433	444.	100		Auto trade			
20141013T155434	444.35	100		Auto trade			
20141013T155434	444.32	100		Auto trade			
20141013T155434	444.33	400		Auto trade			
20141013T155434	444.36	100		Auto trade			
20141013T155434	444.42	100		Auto trade			
20141013T155434	444.46	100		Auto trade			
20141013T155434	444.47	100		Auto trade			
20141013T155435	444.135	100		Auto trade			
20141013T155435	444.75	100		Auto trade			
20141013T155435	444.749	600		Auto trade			
20141013T155436	444.75	100		Auto trade			
20141013T155436	444.7	100		Auto trade			
20141013T155436	444.75	100		Auto trade			
20141013T155437	444.26	100		Auto trade			
20141013T155437	444.19	100		Auto trade			
20141013T155437	444.11	100		Auto trade			
20141013T155437	444.06	100		Auto trade			
20141013T155438	443.94	100		Auto trade			
20141013T155438	443.93	100		Auto trade			
20141013T155438	443.91	100		Auto trade			
20141013T155438	443.87	300		Auto trade			
20141013T155438	443.86	100		Auto trade			
20141013T155438	443.85	100		Auto trade			
20141013T155438	443.93	100		Auto trade			
20141013T155438	443.85	100		Auto trade			
20141013T155438	443.93	100		Auto trade			
20141013T155438	443.85	100		Auto trade			
20141013T155438	443.93	100		Auto trade			
20141013T155438	443.92	100		Auto trade			
20141013T155438	444.03	100		Auto trade			
20141013T155438	443.85	100		Auto trade			
20141013T155438	443.89	100		Auto trade			
20141013T155439	443.69	100		Auto trade			
20141013T155439	443.65	100		Auto trade			
20141013T155440	443.45	500		Auto trade			
20141013T155440	443.58	100		Auto trade			
20141013T155440	443.605	161		Auto trade			
20141013T155440	443.58	100		Auto trade			
20141013T155440	443.605	108		Auto trade			
20141013T155440	443.64	166		Auto trade			
20141013T155440	443.73	100		Auto trade			
20141013T155440	443.72	100		Auto trade			
20141013T155440	443.73	100		Auto trade			
20141013T155440	443.81	100		Auto trade			
20141013T155440	443.73	100		Auto trade			
20141013T155440	443.78	100		Auto trade			
20141013T155440	443.72	100		Auto trade			
20141013T155440	443.73	100		Auto trade			
20141013T155440	443.78	100		Auto trade			
20141013T155441	443.81	200		Auto trade			
20141013T155442	443.64	100		Auto trade			
20141013T155442	443.72	100		Auto trade			
20141013T155442	443.75	100		Auto trade			
20141013T155442	443.79	100		Auto trade			
20141013T155442	443.8	200		Auto trade			
20141013T155442	443.77	100		Auto trade			
20141013T155442	443.75	100		Auto trade			
20141013T155442	443.785	100		Auto trade			
20141013T155442	443.77	100		Auto trade			
20141013T155442	443.79	100		Auto trade			
20141013T155442	443.799	300		Auto trade			
20141013T155445	443.64	800		Auto trade			
20141013T155448	443.54	100		Auto trade			
20141013T155451	443.68	100		Auto trade			
20141013T155451	443.67	200		Auto trade			
20141013T155451	443.68	200		Auto trade			
20141013T155451	443.69	100		Auto trade			
20141013T155451	443.68	100		Auto trade			
20141013T155451	443.69	100		Auto trade			
20141013T155451	443.78	100		Auto trade			
20141013T155451	443.79	100		Auto trade			
20141013T155451	443.78	300		Auto trade			
20141013T155451	443.81	100		Auto trade			
20141013T155451	443.8	197		Auto trade			
20141013T155451	443.81	100		Auto trade			
20141013T155451	444.06	100		Auto trade			
20141013T155451	444.19	100		Auto trade			
20141013T155458	444.34	100		Auto trade			
20141013T155459	444.415	100		Auto trade			
20141013T155459	444.37	100		Auto trade			
20141013T155459	444.4	100		Auto trade			
20141013T155459	444.39	100		Auto trade			
20141013T155459	444.41	100		Auto trade			
20141013T155459	444.4	100		Auto trade			
20141013T155459	444.41	100		Auto trade			
20141013T155500	444.42	100		Auto trade			
20141013T155500	444.41	100		Auto trade			
20141013T155500	444.35	100		Auto trade			
20141013T155502	444.53	100		Auto trade			
20141013T155503	444.34	150		Auto trade			
20141013T155503	445.01	100		Auto trade			
20141013T155503	444.74	100		Auto trade			
20141013T155505	444.75	100		Auto trade			
20141013T155505	444.74	100		Auto trade			
20141013T155505	444.92	100		Auto trade			
20141013T155505	444.74	100		Auto trade			
20141013T155505	444.915	100		Auto trade			
20141013T155505	445.0889	135		Auto trade			
20141013T155505	445.05	100		Auto trade			
20141013T155507	445.01	100		Auto trade			
20141013T155507	444.45	100		Auto trade			
20141013T155507	444.35	100		Auto trade			
20141013T155509	444.34	100		Auto trade			
20141013T155514	444.41	178		Auto trade			
20141013T155518	444.02	100		Auto trade			
20141013T155518	444.245	100		Auto trade			
20141013T155518	444.01	100		Auto trade			
20141013T155518	443.98	100		Auto trade			
20141013T155518	444.	100		Auto trade			
20141013T155518	444.02	100		Auto trade			
20141013T155518	444.245	100		Auto trade			
20141013T155518	444.06	100		Auto trade			
20141013T155518	444.02	100		Auto trade			
20141013T155519	444.16	100		Auto trade			
20141013T155520	444.14	100		Auto trade			
20141013T155520	444.15	100		Auto trade			
20141013T155523	444.	100		Auto trade			
20141013T155523	443.98	100		Auto trade			
20141013T155524	444.05	100		Auto trade			
20141013T155525	444.05	100		Auto trade			
20141013T155525	443.98	100		Auto trade			
20141013T155525	444.05	100		Auto trade			
20141013T155525	443.98	100		Auto trade			
20141013T155526	443.83	100		Auto trade			
20141013T155526	443.82	100		Auto trade			
20141013T155526	443.8	3000		Auto trade			
20141013T155526	443.74	100		Auto trade			
20141013T155526	443.8	112		Auto trade			
20141013T155526	443.74	299		Auto trade			
20141013T155531	443.45	100		Auto trade			
20141013T155532	443.45	400		Auto trade			
20141013T155532	443.2	200		Auto trade			
20141013T155532	443.23	100		Auto trade			
20141013T155535	443.4	100		Auto trade			
20141013T155536	443.435	400		Auto trade			
20141013T155537	443.215	100		Auto trade			
20141013T155541	443.33	100		Auto trade			
20141013T155542	443.42	100		Auto trade			
20141013T155542	443.41	100		Auto trade			
20141013T155543	443.2	100		Auto trade			
20141013T155543	443.15	189		Auto trade			
20141013T155544	443.205	100		Auto trade			
20141013T155546	443.24	100		Auto trade			
20141013T155546	443.26	267		Auto trade			
20141013T155554	443.08	100		Auto trade			
20141013T155554	443.	100		Auto trade			
20141013T155556	443.015	100		Auto trade			
20141013T155559	442.88	100		Auto trade			
20141013T155559	443.1	100		Auto trade			
20141013T155601	442.88	100		Auto trade			
20141013T155601	443.03	100		Auto trade			
20141013T155601	442.8	100		Auto trade			
20141013T155601	442.68	100		Auto trade			
20141013T155601	442.66	100		Auto trade			
20141013T155605	443.	100		Auto trade			
20141013T155606	442.709	110		Auto trade			
20141013T155608	442.93	100		Auto trade			
20141013T155608	442.91	100		Auto trade			
20141013T155609	443.	100		Auto trade			
20141013T155609	443.04	100		Auto trade			
20141013T155609	443.15	100		Auto trade			
20141013T155609	443.05	100		Auto trade			
20141013T155609	443.	100		Auto trade			
20141013T155609	443.05	100		Auto trade			
20141013T155609	443.14	100		Auto trade			
20141013T155609	443.	100		Auto trade			
20141013T155609	443.04	100		Auto trade			
20141013T155609	442.72	300		Auto trade			
20141013T155613	442.68	100		Auto trade			
20141013T155616	442.98	100		Auto trade			
20141013T155616	443.	100		Auto trade			
20141013T155616	443.11	100		Auto trade			
20141013T155616	443.	100		Auto trade			
20141013T155616	443.11	100		Auto trade			
20141013T155616	443.1	100		Auto trade			
20141013T155616	443.084	100		Auto trade			
20141013T155619	442.89	100		Auto trade			
20141013T155621	443.	107		Auto trade			
20141013T155621	443.11	200		Auto trade			
20141013T155621	443.	100		Auto trade			
20141013T155621	443.11	202		Auto trade			
20141013T155621	443.	134		Auto trade			
20141013T155622	443.	100		Auto trade			
20141013T155624	443.	200		Auto trade			
20141013T155628	442.85	100		Auto trade			
20141013T155628	442.86	100		Auto trade			
20141013T155628	442.9	100		Auto trade			
20141013T155629	442.855	100		Auto trade			
20141013T155634	443.	200		Auto trade			
20141013T155638	442.84	100		Auto trade			
20141013T155638	442.87	100		Auto trade			
20141013T155638	442.86	100		Auto trade			
20141013T155638	442.78	100		Auto trade			
20141013T155638	442.87	100		Auto trade			
20141013T155638	442.82	400		Auto trade			
20141013T155638	442.84	100		Auto trade			
20141013T155638	442.82	200		Auto trade			
20141013T155638	442.95	100		Auto trade			
20141013T155638	442.82	104		Auto trade			
20141013T155638	442.635	100		Auto trade			
20141013T155638	442.81	100		Auto trade			
20141013T155639	442.62	100		Auto trade			
20141013T155639	442.54	100		Auto trade			
20141013T155639	442.735	100		Auto trade			
20141013T155642	442.78	100		Auto trade			
20141013T155642	442.79	100		Auto trade			
20141013T155642	442.78	100		Auto trade			
20141013T155642	442.92	100		Auto trade			
20141013T155642	442.95	100		Auto trade			
20141013T155642	442.78	100		Auto trade			
20141013T155643	442.79	100		Auto trade			
20141013T155644	442.9	100		Auto trade			
20141013T155644	442.91	100		Auto trade			
20141013T155646	442.87	100		Auto trade			
20141013T155646	442.88	100		Auto trade			
20141013T155646	442.87	100		Auto trade			
20141013T155651	442.88	100		Auto trade			
20141013T155651	442.91	100		Auto trade			
20141013T155652	442.587	100		Auto trade			
20141013T155653	442.87	110		Auto trade			
20141013T155656	442.91	100		Auto trade			
20141013T155656	442.92	100		Auto trade			
20141013T155656	442.677	100		Auto trade			
20141013T155656	442.9	100		Auto trade			
20141013T155657	442.74	100		Auto trade			
20141013T155658	442.9	200		Auto trade			
20141013T155658	442.925	200		Auto trade			
20141013T155700	442.95	100		Auto trade			
20141013T155700	442.935	100		Auto trade			
20141013T155700	442.95	100		Auto trade			
20141013T155703	442.9	100		Auto trade			
20141013T155703	442.96	100		Auto trade			
20141013T155703	442.9	100		Auto trade			
20141013T155705	443.	290		Auto trade			
20141013T155705	442.9	100		Auto trade			
20141013T155705	442.89	100		Auto trade			
20141013T155705	442.85	100		Auto trade			
20141013T155705	442.74	100		Auto trade			
20141013T155705	442.73	100		Auto trade			
20141013T155705	442.7	100		Auto trade			
20141013T155705	442.69	400		Auto trade			
20141013T155705	442.62	100		Auto trade			
20141013T155705	442.57	100		Auto trade			
20141013T155705	442.63	100		Auto trade			
20141013T155705	442.54	100		Auto trade			
20141013T155705	442.5	100		Auto trade			
20141013T155705	442.56	100		Auto trade			
20141013T155705	442.55	100		Auto trade			
20141013T155705	442.43	100		Auto trade			
20141013T155705	442.3282	100		Auto trade			
20141013T155705	442.43	100		Auto trade			
20141013T155706	442.3735	250		Auto trade			
20141013T155707	442.43	251		Auto trade			
20141013T155707	442.4299	500		Auto trade			
20141013T155707	442.35	100		Auto trade			
20141013T155707	442.43	200		Auto trade			
20141013T155708	442.43	100		Auto trade			
20141013T155709	442.43	1061		Auto trade			
20141013T155710	442.43	100		Auto trade			
20141013T155710	442.35	100		Auto trade			
20141013T155710	442.36	100		Auto trade			
20141013T155710	442.35	224		Auto trade			
20141013T155711	442.43	100		Auto trade			
20141013T155712	442.43	500		Auto trade			
20141013T155713	442.16	100		Auto trade			
20141013T155713	442.01	100		Auto trade			
20141013T155713	442.	100		Auto trade			
20141013T155713	442.01	100		Auto trade			
20141013T155713	442.	100		Auto trade			
20141013T155713	441.94	100		Auto trade			
20141013T155713	441.91	100		Auto trade			
20141013T155713	441.9	206		Auto trade			
20141013T155713	442.	3800		Auto trade			
20141013T155713	441.81	100		Auto trade			
20141013T155713	441.911	1000		Auto trade			
20141013T155713	442.	100		Auto trade			
20141013T155714	441.79	100		Auto trade			
20141013T155714	441.772	100		Auto trade			
20141013T155714	441.67	100		Auto trade			
20141013T155714	441.77	200		Auto trade			
20141013T155715	441.82	100		Auto trade			
20141013T155715	441.89	100		Auto trade			
20141013T155715	441.64	100		Auto trade			
20141013T155716	441.6	106		Auto trade			
20141013T155716	441.72	100		Auto trade			
20141013T155716	441.97	100		Auto trade			
20141013T155718	441.92	100		Auto trade			
20141013T155718	441.95	100		Auto trade			
20141013T155718	441.97	100		Auto trade			
20141013T155718	441.98	110		Auto trade			
20141013T155721	441.95	100		Auto trade			
20141013T155721	441.96	100		Auto trade			
20141013T155721	441.97	200		Auto trade			
20141013T155721	441.96	500		Auto trade			
20141013T155721	441.97	100		Auto trade			
20141013T155721	441.96	100		Auto trade			
20141013T155721	441.97	100		Auto trade			
20141013T155721	441.98	100		Auto trade			
20141013T155721	441.96	100		Auto trade			
20141013T155721	441.97	106		Auto trade			
20141013T155721	441.98	200		Auto trade			
20141013T155721	442.	100		Auto trade			
20141013T155721	441.955	100		Auto trade			
20141013T155721	442.	294		Auto trade			
20141013T155721	441.886	100		Auto trade			
20141013T155722	442.08	100		Auto trade			
20141013T155722	442.06	100		Auto trade			
20141013T155722	442.04	100		Auto trade			
20141013T155722	442.08	100		Auto trade			
20141013T155722	441.95	100		Auto trade			
20141013T155722	441.82	100		Auto trade			
20141013T155724	442.31	100		Auto trade			
20141013T155724	442.42	100		Auto trade			
20141013T155724	442.46	100		Auto trade			
20141013T155724	442.26	100		Auto trade			
20141013T155725	442.51	100		Auto trade			
20141013T155725	442.59	100		Auto trade			
20141013T155725	442.66	100		Auto trade			
20141013T155725	442.8	200		Auto trade			
20141013T155725	442.94	200		Auto trade			
20141013T155725	442.66	100		Auto trade			
20141013T155728	442.52	200		Auto trade			
20141013T155735	442.38	100		Auto trade			
20141013T155735	442.39	100		Auto trade			
20141013T155737	442.33	100		Auto trade			
20141013T155737	442.32	100		Auto trade			
20141013T155737	442.3	100		Auto trade			
20141013T155737	442.33	100		Auto trade			
20141013T155737	442.27	100		Auto trade			
20141013T155737	442.33	100		Auto trade			
20141013T155737	442.27	100		Auto trade			
20141013T155737	442.3	100		Auto trade			
20141013T155737	442.32	100		Auto trade			
20141013T155737	442.3	100		Auto trade			
20141013T155737	442.27	100		Auto trade			
20141013T155737	442.16	100		Auto trade			
20141013T155737	442.025	100		Auto trade			
20141013T155738	441.94	100		Auto trade			
20141013T155738	442.09	100		Auto trade			
20141013T155738	441.94	100		Auto trade			
20141013T155738	442.08	100		Auto trade			
20141013T155739	441.94	100		Auto trade			
20141013T155742	442.045	300		Auto trade			
20141013T155744	442.025	100		Auto trade			
20141013T155744	442.03	100		Auto trade			
20141013T155744	442.04	100		Auto trade			
20141013T155744	442.05	100		Auto trade			
20141013T155744	442.03	100		Auto trade			
20141013T155745	442.03	100		Auto trade			
20141013T155746	442.03	200		Auto trade			
20141013T155746	442.29	100		Auto trade			
20141013T155746	442.27	100		Auto trade			
20141013T155746	442.3	100		Auto trade			
20141013T155746	442.03	100		Auto trade			
20141013T155746	442.31	100		Auto trade			
20141013T155746	442.03	100		Auto trade			
20141013T155746	442.05	100		Auto trade			
20141013T155746	442.3	100		Auto trade			
20141013T155746	442.03	100		Auto trade			
20141013T155746	442.27	100		Auto trade			
20141013T155746	442.3	100		Auto trade			
20141013T155746	442.07	100		Auto trade			
20141013T155746	442.03	100		Auto trade			
20141013T155746	442.15	100		Auto trade			
20141013T155746	442.3	100		Auto trade			
20141013T155748	442.17	100		Auto trade			
20141013T155748	442.08	100		Auto trade			
20141013T155748	442.01	100		Auto trade			
20141013T155748	442.02	100		Auto trade			
20141013T155748	442.33	100		Auto trade			
20141013T155748	442.0105	100		Auto trade			
20141013T155748	442.01	100		Auto trade			
20141013T155748	442.	100		Auto trade			
20141013T155748	441.85	100		Auto trade			
20141013T155748	441.75	100		Auto trade			
20141013T155748	441.9899	500		Auto trade			
20141013T155750	442.	100		Auto trade			
20141013T155752	442.	200		Auto trade			
20141013T155755	442.	1143		Auto trade			
20141013T155758	441.97	100		Auto trade			
20141013T155800	442.01	100		Auto trade			
20141013T155800	441.98	100		Auto trade			
20141013T155800	441.97	100		Auto trade			
20141013T155800	441.98	100		Auto trade			
20141013T155800	441.97	100		Auto trade			
20141013T155801	441.97	200		Auto trade			
20141013T155801	442.2	100		Auto trade			
20141013T155802	441.988	100		Auto trade			
20141013T155802	441.9705	100		Auto trade			
20141013T155802	442.29	100		Auto trade			
20141013T155802	441.97	100		Auto trade			
20141013T155802	441.93	100		Auto trade			
20141013T155803	441.77	200		Auto trade			
20141013T155805	441.75	100		Auto trade			
20141013T155805	441.72	100		Auto trade			
20141013T155805	441.49	100		Auto trade			
20141013T155805	441.36	100		Auto trade			
20141013T155805	441.34	100		Auto trade			
20141013T155805	441.31	180		Auto trade			
20141013T155805	441.16	100		Auto trade			
20141013T155805	441.1	100		Auto trade			
20141013T155805	441.15	100		Auto trade			
20141013T155805	441.07	100		Auto trade			
20141013T155805	441.	197		Auto trade			
20141013T155805	441.2128	558		Auto trade			
20141013T155805	441.001	100		Auto trade			
20141013T155805	441.	400		Auto trade			
20141013T155806	441.19	100		Auto trade			
20141013T155806	441.024	100		Auto trade			
20141013T155806	441.0005	100		Auto trade			
20141013T155807	441.03	100		Auto trade			
20141013T155807	441.056	1399		Auto trade			
20141013T155808	441.	100		Auto trade			
20141013T155809	441.	188		Auto trade			
20141013T155810	441.	770		Auto trade			
20141013T155810	441.035	100		Auto trade			
20141013T155810	441.	100		Auto trade			
20141013T155811	441.3	200		Auto trade			
20141013T155812	441.014	100		Auto trade			
20141013T155814	441.	199		Auto trade			
20141013T155815	441.28	100		Auto trade			
20141013T155815	441.3	100		Auto trade			
20141013T155815	441.31	100		Auto trade			
20141013T155815	441.32	100		Auto trade			
20141013T155815	441.33	199		Auto trade			
20141013T155815	441.53	100		Auto trade			
20141013T155815	441.33	600		Auto trade			
20141013T155815	441.65	100		Auto trade			
20141013T155815	441.68	140		Auto trade			
20141013T155815	441.84	100		Auto trade			
20141013T155815	441.89	100		Auto trade			
20141013T155815	441.84	100		Auto trade			
20141013T155815	441.9	100		Auto trade			
20141013T155815	441.91	100		Auto trade			
20141013T155816	441.8	100		Auto trade			
20141013T155819	441.92	100		Auto trade			
20141013T155820	442.15	100		Auto trade			
20141013T155820	442.105	100		Auto trade			
20141013T155820	442.15	100		Auto trade			
20141013T155820	442.16	100		Auto trade			
20141013T155820	442.15	100		Auto trade			
20141013T155820	442.19	100		Auto trade			
20141013T155820	442.15	100		Auto trade			
20141013T155821	442.15	100		Auto trade			
20141013T155822	442.31	100		Auto trade			
20141013T155822	442.42	100		Auto trade			
20141013T155824	442.17	100		Auto trade			
20141013T155824	442.13	100		Auto trade			
20141013T155824	442.17	100		Auto trade			
20141013T155824	442.16	100		Auto trade			
20141013T155824	442.17	100		Auto trade			
20141013T155824	442.165	237		Auto trade			
20141013T155824	442.16	100		Auto trade			
20141013T155824	441.9	100		Auto trade			
20141013T155824	441.78	100		Auto trade			
20141013T155824	441.775	100		Auto trade			
20141013T155824	441.75	100		Auto trade			
20141013T155827	442.02	100		Auto trade			
20141013T155828	442.05	200		Auto trade			
20141013T155828	442.02	100		Auto trade			
20141013T155828	442.05	100		Auto trade			
20141013T155831	442.07	100		Auto trade			
20141013T155831	442.075	100		Auto trade			
20141013T155831	442.0875	100		Auto trade			
20141013T155832	442.075	100		Auto trade			
20141013T155832	442.18	100		Auto trade			
20141013T155832	442.3	100		Auto trade			
20141013T155832	442.075	111		Auto trade			
20141013T155832	442.095	100		Auto trade			
20141013T155834	442.1149	115		Auto trade			
20141013T155834	441.988	1500		Auto trade			
20141013T155834	442.035	100		Auto trade			
20141013T155834	442.25	100		Auto trade			
20141013T155834	442.035	100		Auto trade			
20141013T155838	442.	100		Auto trade			
20141013T155838	442.19	100		Auto trade			
20141013T155838	442.01	100		Auto trade			
20141013T155838	442.18	100		Auto trade			
20141013T155838	442.19	500		Auto trade			
20141013T155838	442.14	100		Auto trade			
20141013T155838	442.01	100		Auto trade			
20141013T155838	442.015	100		Auto trade			
20141013T155838	442.025	100		Auto trade			
20141013T155838	442.19	100		Auto trade			
20141013T155841	442.05	200		Auto trade			
20141013T155842	442.17	100		Auto trade			
20141013T155842	441.94	100		Auto trade			
20141013T155842	441.92	100		Auto trade			
20141013T155842	441.91	100		Auto trade			
20141013T155842	441.94	100		Auto trade			
20141013T155842	441.9	100		Auto trade			
20141013T155842	441.91	100		Auto trade			
20141013T155842	441.93	100		Auto trade			
20141013T155842	441.91	100		Auto trade			
20141013T155843	441.995	133		Auto trade			
20141013T155843	442.	167		Auto trade			
20141013T155845	441.857	200		Auto trade			
20141013T155846	442.005	600		Auto trade			
20141013T155846	442.17	100		Auto trade			
20141013T155846	442.19	200		Auto trade			
20141013T155846	441.975	100		Auto trade			
20141013T155849	442.	100		Auto trade			
20141013T155849	442.13	100		Auto trade			
20141013T155849	441.855	100		Auto trade			
20141013T155851	442.	200		Auto trade			
20141013T155851	441.845	100		Auto trade			
20141013T155852	442.13	100		Auto trade			
20141013T155852	441.82	100		Auto trade			
20141013T155852	441.81	100		Auto trade			
20141013T155853	441.755	100		Auto trade			
20141013T155858	442.13	100		Auto trade			
20141013T155858	442.	100		Auto trade			
20141013T155858	442.005	199		Auto trade			
20141013T155900	442.	300		Auto trade			
20141013T155901	442.	100		Auto trade			
20141013T155901	441.87	100		Auto trade			
20141013T155901	441.75	100		Auto trade			
20141013T155901	441.69	100		Auto trade			
20141013T155901	441.87	100		Auto trade			
20141013T155901	442.	100		Auto trade			
20141013T155901	441.65	100		Auto trade			
20141013T155901	441.66	100		Auto trade			
20141013T155901	441.63	100		Auto trade			
20141013T155901	441.64	100		Auto trade			
20141013T155902	441.83	100		Auto trade			
20141013T155902	441.94	100		Auto trade			
20141013T155902	441.96	100		Auto trade			
20141013T155904	442.1	100		Auto trade			
20141013T155905	441.87	100		Auto trade			
20141013T155905	441.97	100		Auto trade			
20141013T155906	442.03	100		Auto trade			
20141013T155906	441.666	100		Auto trade			
20141013T155909	442.	100		Auto trade			
20141013T155909	442.07	200		Auto trade			
20141013T155909	442.01	100		Auto trade			
20141013T155910	442.13	200		Auto trade			
20141013T155910	442.055	200		Auto trade			
20141013T155910	442.065	100		Auto trade			
20141013T155910	442.07	100		Auto trade			
20141013T155910	442.065	100		Auto trade			
20141013T155910	441.94	100		Auto trade			
20141013T155910	442.	100		Auto trade			
20141013T155910	441.89	100		Auto trade			
20141013T155911	442.	100		Auto trade			
20141013T155911	442.04	100		Auto trade			
20141013T155911	441.65	100		Auto trade			
20141013T155912	442.	100		Auto trade			
20141013T155912	442.05	200		Auto trade			
20141013T155912	441.82	100		Auto trade			
20141013T155912	441.81	100		Auto trade			
20141013T155912	442.05	150		Auto trade			
20141013T155913	441.58	100		Auto trade			
20141013T155918	441.85	100		Auto trade			
20141013T155925	441.58	100		Auto trade			
20141013T155925	441.57	100		Auto trade			
20141013T155925	441.53	100		Auto trade			
20141013T155925	441.42	100		Auto trade			
20141013T155925	441.58	100		Auto trade			
20141013T155925	441.49	100		Auto trade			
20141013T155925	441.52	100		Auto trade			
20141013T155925	441.39	100		Auto trade			
20141013T155925	441.8799	300		Auto trade			
20141013T155926	441.38	100		Auto trade			
20141013T155926	441.4	100		Auto trade			
20141013T155930	441.45	440		Auto trade			
20141013T155930	441.445	100		Auto trade			
20141013T155930	441.38	100		Auto trade			
20141013T155930	441.45	100		Auto trade			
20141013T155931	441.85	100		Auto trade			
20141013T155931	441.38	100		Auto trade			
20141013T155932	441.33	100		Auto trade			
20141013T155932	441.35	100		Auto trade			
20141013T155932	441.1	100		Auto trade			
20141013T155933	441.14	100		Auto trade			
20141013T155933	441.	203		Auto trade			
20141013T155933	441.1	200		Auto trade			
20141013T155933	441.	100		Auto trade			
20141013T155934	441.	2600		Auto trade			
20141013T155935	441.	700		Auto trade			
20141013T155936	441.	2385		Auto trade			
20141013T155938	441.17	100		Auto trade			
20141013T155938	441.36	300		Auto trade			
20141013T155939	441.37	100		Auto trade			
20141013T155939	441.36	100		Auto trade			
